2954 4916
269 450 309 492 ro
540 434 581 498 D.
608 432 749 498 JUNII
776 431 1061 500 IUVENALIS

265 542 414 632 Judicio,
431 545 532 643 (quid
549 549 638 618 enim
655 547 752 617 salvis
769 545 906 616 infamia
921 547 1107 643 nummisl)

265 653 367 723 Exsul
383 656 424 724 ab
441 672 558 727 octava
574 659 702 728 Marius
718 658 819 744 bibit,
835 673 868 728 et
884 658 1008 732 fruitur
1023 659 1083 730 Dis

265 765 362 832 lratis
378 791 386 832 ε
404 782 437 835 at
455 783 510 854 tu,
525 768 647 838 victrix
662 767 855 864 provincia,
871 766 998 863 ploras!
1297 789 1329 840 50

312 875 394 944 Haec
410 901 474 972 ego
490 903 559 948 uou
575 877 711 948 credam
725 877 896 948 Venusina
912 879 1014 975 digna
1031 876 1187 950 lucerna?

263 985 344 1052 Haec
361 1011 423 1080 ego
440 1013 508 1057 nou
524 989 670 1084 agitem?
686 989 753 1058 sed
768 988 852 1082 quid
866 989 972 1084 magis
988 988 1184 1075 Heracleas,

261 1094 331 1160 Aut
347 1095 563 1184 Diomedeas,
579 1114 639 1168 aut
653 1099 820 1194 mugitum
836 1099 1055 1192 Lalryrintlri,
1165 1124 1167 1132 ’

262 1201 306 1268 Et
322 1227 412 1272 mare
429 1231 623 1300 percussum
640 1229 762 1303 puero,
779 1208 979 1303 fabrumque
995 1205 1186 1278 volantem?

261 1309 375 1397 Quum
392 1314 469 1385 leno
484 1319 629 1414 accipiat
643 1319 765 1388 moeclri
782 1320 886 1404 bona,
903 1320 930 1388 si
947 1318 1101 1415 capiendi
1297 1333 1328 1387 55

259 1421 319 1490 Jus
335 1423 464 1496 nullum
480 1429 594 1512 uxori,
612 1427 730 1498 doctus
746 1445 901 1522 spectare
916 1429 1074 1513 lacunar,

259 1529 388 1600 Doctus
405 1535 496 1604 etad
512 1535 649 1605 calicem
665 1535 818 1632 vigilanti
835 1553 976 1608 stertere
993 1562 1092 1623 naso;

259 1639 374 1727 Quum
392 1641 439 1712 fas
455 1668 525 1714 esse
542 1660 639 1740 putet
654 1669 770 1714 curam
786 1667 921 1739 sperare
938 1646 1105 1731 cohortis,

259 1749 328 1838 Qui
346 1753 433 1821 bona
449 1753 587 1824 donavit
601 1754 823 1849 praesepibus,
840 1768 875 1822 et
891 1770 983 1824 caret
998 1754 1091 1823 omui

259 1859 429 1951 Majorum
446 1887 566 1948 censu,
583 1863 663 1932 dum
680 1861 832 1957 pervolat
848 1886 908 1932 axe
923 1863 1026 1932 citato
1294 1882 1329 1932 oo

259 1959 472 2058 Flaminiam3
490 1995 575 2066 puer
590 1971 805 2042 Automedon
821 1995 899 2040 uam
915 1970 987 2040 lora
1003 1971 1154 2054 tenebat,
1354 1958 1360 1974 ⁸

258 2145 287 2191 et
302 2133 489 2206 famulorum,
507 2137 612 2213 quibus
625 2139 762 2212 stipatur,
775 2137 877 2204 turba,
893 2137 952 2193 vias
964 2138 1045 2194 urbia
1058 2135 1197 2212 impedit?
1212 2145 1261 2192 aut
1273 2135 1326 2194 iste

257 2228 381 2297 Marius,
398 2231 448 2304 qui
468 2229 535 2286 licet
555 2252 570 2286 a
588 2229 733 2306 judicibus
750 2231 789 2286 ob
805 2229 930 2285 Africam
951 2228 1132 2302 compilatum
1149 2226 1237 2285 fuerit
1254 2246 1325 2283 cou-

258 2320 421 2394 demnatuc,
434 2334 528 2380 tamen
542 2343 644 2380 vanam
653 2343 686 2380 ac
697 2323 828 2380 inutilem
839 2341 940 2380 eorum
951 2321 1130 2380 severitatem
1141 2318 1237 2379 ridet?
1253 2320 1326 2389 Quis

258 2412 334 2467 enim
348 2412 385 2471 de
401 2414 560 2490 ignominia
575 2415 761 2472 vehementer
779 2413 906 2486 labant,
919 2414 1009 2470 modo
1024 2414 1102 2470 ulva
1116 2409 1326 2486 incolumisque

257 2507 378 2580 pecrmia
393 2507 447 2566 sit?
460 2509 550 2566 immo
563 2509 647 2567 etiem
662 2509 802 2586 irrogato
819 2509 875 2566 cibi
888 2510 925 2564 ab
940 2508 1085 2564 ultoribus
1098 2504 1216 2582 Superis
1228 2523 1326 2580 poem

256 2601 375 2675 apponit
389 2603 484 2674 lucro;
499 2614 528 2660 et
542 2603 579 2659 ab
594 2621 714 2677 vespera
728 2619 819 2676 nsque
835 2600 868 2658 in
882 2603 975 2657 lucem
992 2600 1083 2675 epulis
1097 2599 1265 2674 indulgeue,
1279 2615 1327 2654 ca-

256 2691 411 2749 lamitatem
419 2693 499 2752 enam
508 2693 590 2752 lacile
599 2695 778 2766 consolatur,
786 2705 815 2751 te
823 2693 939 2751 iuterim
949 2694 1102 2769 lugentem
1111 2691 1209 2748 infelix
1216 2689 1327 2746 Alcimi

257 2795 287 2840 et
301 2785 429 2856 amissae,
450 2805 502 2843 neo
517 2787 679 2845 reddendus
693 2806 830 2862 umquam
845 2787 916 2856 tibi,
932 2786 998 2843 lieet
1013 2803 1126 2842 causam
1141 2783 1260 2854 viceris,
1274 2801 1325 2860 pe-

259 2877 358 2933 cuniae
371 2878 549 2954 deplorante.

297 2967 345 3025 51.
363 2972 429 3028 llaec
441 2991 495 3049 ego
509 2972 615 3050 flagitia
628 2993 688 3031 non
700 2970 865 3029 arbitrabor
876 2969 977 3045 digua,
989 2987 1052 3042 qut
1064 2965 1183 3024 muricis
1192 2966 1324 3024 versibus

257 3061 414 3136 agitentur,
428 3083 510 3122 more
518 3085 551 3122 ac
560 3067 635 3143 stylo
645 3065 757 3122 lloretii
767 3063 920 3132 Venusini,
933 3062 999 3137 qui,
1011 3060 1161 3117 nocturnis
1171 3061 1274 3118 sudio
1282 3060 1324 3116 in·

256 3154 393 3230 vigilans,
405 3159 550 3216 lucernum
562 3179 639 3216 cuam
648 3159 725 3215 vitiis
736 3157 886 3225 admovet,
897 3164 931 3210 ut
940 3153 1088 3223 ostendat,
1099 3154 1145 3209 vel
1155 3152 1277 3208 adurat?
1287 3171 1325 3208 nn

201 3245 206 3254 “
257 3248 343 3305 auus
360 3267 419 3306 eece
433 3252 557 3324 putabo,
576 3253 757 3328 pervulgatus
770 3249 833 3304 illae
847 3247 884 3304 de
899 3246 1039 3314 Hercule,
1055 3244 1093 3302 de
1111 3242 1267 3312 Diomede,
1288 3242 1325 3300 de

258 3336 424 3397 Minotauro
439 3341 470 3398 in
490 3344 659 3419 labyrinthi
678 3340 795 3398 latebris
809 3339 954 3416 mugiente
969 3338 1080 3394 fabuler
1090 3337 1216 3394 carmine
1229 3353 1326 3410 perce
1372 3381 1377 3392 .

258 3430 325 3504 qui,
345 3443 393 3488 aut
411 3436 573 3492 evolantem
590 3437 737 3493 Daedalum
753 3429 892 3489 artificem
912 3431 1110 3507 ingeniocmu,
1130 3431 1280 3484 leuinmve
1295 3426 1326 3486 iu

257 3543 334 3580 mare
349 3525 528 3584 decidentem
539 3528 714 3586 denarrare?
729 3545 818 3601 quum
829 3527 895 3582 teuo
908 3522 1028 3596 recipiet
1039 3523 1115 3578 bona
1126 3519 1244 3588 moechi,
1256 3517 1325 3576 dum

257 3617 343 3672 uxori
358 3617 417 3690 ejus
430 3620 542 3676 nullum
552 3620 599 3694 jue
611 3619 785 3692 relinquitur
798 3618 875 3673 dona
887 3613 1066 3690 possidendi,
1082 3613 1149 3669 leno
1161 3611 1264 3668 doctus
1275 3610 1326 3666 de·

258 3715 396 3782 torquere
412 3713 541 3768 oculosa
562 3711 691 3770 convivis
710 3712 747 3768 ad
766 3707 951 3784 spectandum
971 3708 1101 3775 lacunar,
1123 3715 1152 3762 et
1169 3704 1207 3760 ad
1222 3703 1326 3778 puerile

257 3801 383 3856 ronchos
394 3803 525 3860 emittere
535 3805 666 3873 naribus,
681 3819 870 3876 somnumque
881 3799 1028 3868 simulare,
1041 3798 1093 3855 etei
1105 3797 1197 3872 reipsa
1205 3794 1323 3873 vigilet:

259 3909 348 3965 quum
359 3893 466 3950 interea
481 3895 529 3952 ille
540 3896 668 3970 juvenis,
685 3896 735 3970 qui
746 3893 952 3970 patrimonium
965 3893 1046 3968 equis
1057 3891 1165 3948 elendic
1176 3889 1325 3966 liguririt,

257 3983 386 4060 nihilque
401 3986 504 4058 jumen
519 3987 602 4043 avitis
616 3987 720 4062 opibus
732 3988 764 4043 in
778 4005 864 4044 censu
877 3985 978 4054 habet,
994 3986 1181 4042 nihilominus
1197 3979 1324 4040 confidat

258 4093 289 4132 re
303 4079 430 4136 cohortis
445 4079 643 4155 praefecturam
657 4081 789 4138 obtinere
806 4099 903 4156 poree,
922 4099 956 4138 eo
975 4081 1081 4137 scilicet
1096 4077 1227 4146 nomine,
1244 4073 1323 4150 quod

259 4167 438 4244 imperatorie
460 4191 513 4248 per
535 4172 611 4228 vium
632 4173 799 4230 Flaminium
820 4173 926 4231 invecti
945 4191 1063 4230 currum
1082 4173 1141 4247 ipse
1160 4167 1323 4226 adolescent
