2954 4916
463 430 652 494 sauma
680 430 856 499 PRIMA.
951 429 954 438 ⁴
1158 463 1195 526 ¹7

16 589 17 600 η
124 543 214 632 Quid
231 541 335 612 refert
351 543 453 614 dictis
469 547 621 640 ignoscat
637 551 789 636 Mucius,
806 576 848 619 an
865 549 956 619 non?

171 655 265 722 Pone
281 650 508 746 Tigellinum:
527 657 612 724 taeda
628 656 754 727 lucebis
772 659 806 728 in
823 659 895 745 illa,
1149 677 1195 730 155

124 765 200 852 Qua
215 775 341 831 stantes
358 763 496 850 ardent,
514 766 572 858 qui
588 765 655 834 lixo
673 783 810 860 gutture
827 767 976 856 fumant3

125 879 166 944 Et
183 874 288 942 latum
305 873 415 943 media
432 875 561 944 sulcum
578 875 707 945 diducit
724 902 834 947 arena.

170 984 240 1071 Qui
257 981 350 1051 dedit
367 1009 449 1078 ergo
466 986 572 1084 tribus
589 986 718 1078 patruis
734 987 884 1072 aconita,
900 988 1043 1058 vehatur

125 1092 312 1162 Pensilibus
328 1092 469 1188 plumis,
485 1110 585 1189 atque
604 1094 697 1164 illinc
713 1095 875 1190 despiciat
891 1097 975 1166 nos?

171 1202 289 1290 Quum
306 1203 422 1272 veniet
437 1221 573 1289 contra,
590 1205 698 1300 digito
715 1231 890 1302 compesce
907 1207 1072 1282 labellum.
1149 1229 1197 1279 160

126 1315 310 1380 Accusator
326 1313 410 1398 erit,
428 1314 486 1407 qui
502 1314 643 1381 verbum
661 1314 799 1402 dixerit3
817 1317 875 1386 hic
891 1333 951 1387 est.

125 1425 269 1491 Securus
287 1422 367 1492 licet
383 1427 524 1492 AEneam
541 1426 772 1522 Rutulumque
790 1427 936 1498 ferocem

125 1535 344 1603 Committas:
363 1534 446 1604 nulli
463 1537 575 1630 gravis
592 1553 643 1606 est
659 1563 834 1633 percussus
851 1539 1018 1628 Achilles3

125 1647 193 1714 Aut
209 1643 354 1714 multum
371 1647 529 1740 quesitus
545 1648 666 1741 Hylas,
684 1675 870 1744 urnamque
887 1667 1058 1744 sequutus.

125 1759 214 1824 Ense
231 1754 325 1825 velut
341 1757 458 1825 stricto
475 1759 607 1850 quoties
624 1759 775 1828 Lucilius
791 1761 913 1828 ardens
1149 1779 1197 1830 16⁵

126 1867 325 1954 infremuit,
343 1868 442 1936 rubet
458 1867 612 1954 auditor,
630 1870 683 1938 cui
700 1868 823 1962 frigida
838 1893 933 1936 mens
950 1885 1000 1938 est

127 2152 240 2216 aperte,
266 2139 434 2215 simpliciter
453 2139 598 2196 scribendi
613 2132 824 2213 'quodcumque
845 2157 926 2194 mens
942 2149 970 2194 et
993 2139 1200 2213 immersisset,

126 2249 212 2304 quam
227 2229 390 2286 libertatem
404 2231 594 2305 appellarem,
603 2229 627 2286 si
638 2229 736 2286 liceret
749 2231 810 2304 ejus
821 2249 927 2286 nomen
936 2230 1021 2286 edere
1032 2230 1044 2284 l
1056 2221 1117 2307 Ego
1129 2253 1199 2290 vero

125 2341 227 2397 pamm
242 2321 359 2390 laboro,
375 2332 477 2378 utrum
489 2321 616 2389 Mucius,
632 2334 681 2379 aut
694 2323 766 2378 alius
780 2320 939 2394 ejusmodi,
956 2324 1127 2395 quem-meis
1141 2345 1201 2381 car-

126 2412 255 2469 minibus
271 2412 465 2486 descripsero,
482 2413 553 2468 mihi
567 2431 634 2468 rera
652 2413 760 2470 dicenti
776 2424 886 2488 parcat,
901 2432 1000 2470 necne.

169 2504 235 2562 155.
257 2506 302 2563 Sit
316 2505 355 2560 ita
365 2525 441 2562 sane.
458 2509 496 2560 At
510 2505 534 2561 si
545 2507 718 2581 Tigellinum
734 2507 798 2562 loco
815 2506 904 2562 Mucii
917 2505 1073 2578 describas,
1089 2519 1121 2564 tu
1133 2511 1200 2583 palo

127 2618 180 2674 per
195 2598 336 2655 interiora
353 2596 506 2655 transfixus
522 2600 760 2672 combustusque,
782 2598 883 2654 tardam
896 2599 1044 2654 ardentem
1061 2599 1097 2656 de
1112 2612 1138 2656 te
1153 2602 1202 2658 da-

127 2691 189 2764 bis,
208 2709 265 2765 que
279 2689 340 2745 vivi
360 2700 390 2746 et
412 2701 520 2748 stantes
537 2691 658 2746 cremari
671 2693 763 2748 solent
783 2689 845 2760 illi,
868 2689 973 2764 quibus
986 2691 1072 2766 stipes
1086 2693 1202 2750 adactus

127 2801 181 2858 per
192 2781 321 2838 medium
336 2800 441 2856 corpus
456 2802 472 2839 e
486 2792 603 2858 gutture
617 2784 740 2840 fumanti
757 2782 894 2858 emergit3
911 2802 974 2857 quae
988 2785 1076 2854 tarda,
1097 2786 1201 2858 idest,

127 2893 235 2948 corpus
251 2874 399 2930 incensum
414 2885 442 2930 et
456 2893 533 2932 unco
550 2885 672 2932 tractum
686 2895 739 2952 per
751 2875 875 2931 mediam
886 2893 1019 2945 arenam,
1035 2876 1124 2932 latum
1135 2878 1203 2951 pul-

126 2967 190 3023 veri
204 2967 318 3022 sulcum
333 2966 472 3046 inscribit.
936 2956 939 2964 ’

170 3058 237 3116 ι58.
260 3060 339 3134 Ergo
359 3059 453 3133 patiar
472 3079 554 3128 eum,
572 3060 622 3134 qui
642 3071 700 3116 tres
720 3069 837 3132 patruos
858 3077 924 3114 suos
940 3076 1051 3114 veneno
1071 3060 1202 3132 sustulit,

128 3151 234 3229 gestari
248 3151 366 3226 impune
380 3150 411 3206 in
424 3151 523 3208 lectica
538 3151 655 3208 instrata
669 3151 795 3226 pulvillis
809 3153 906 3226 pluma
921 3150 1017 3221 sartis,
1031 3169 1066 3206 ex
1080 3171 1136 3226 qua
1150 3173 1202 3210 nos

128 3244 209 3301 humi
224 3263 278 3318 per
293 3244 389 3299 victam
405 3241 599 3318 ingredientes
612 3243 809 3318 despectabitl
1199 3303 1203 3314 ,

170 3337 238 3392 160.
253 3338 352 3392 Patere
366 3337 506 3392 omnino:
521 3336 593 3410 quin
608 3335 709 3402 etiam,
722 3353 811 3408 quum
824 3335 907 3390 illum
921 3333 1054 3390 habueris
1068 3335 1202 3409 obvium,

128 3430 248 3503 impone
263 3427 387 3502 digitum
405 3428 468 3497 ori,
493 3447 546 3484 nec
565 3427 674 3484 hiscere
690 3424 807 3499 quidem
822 3425 905 3481 aude.
924 3425 956 3482 Si
976 3424 1041 3497 quis
1061 3425 1136 3482 enim
1156 3430 1203 3486 vel

127 3523 202 3578 hanc
224 3521 365 3578 duntaxat
382 3540 482 3577 vocem
499 3520 629 3576 miserit:
647 3521 693 3576 hic
714 3520 763 3576 ille
778 3519 936 3595 Tigellinus
956 3531 1015 3588 est;
1039 3522 1133 3577 statim
1156 3523 1203 3579 ali·

128 3614 194 3688 quis
203 3603 308 3687 prast'o
322 3613 393 3682 erit,
406 3613 457 3686 qui
466 3615 587 3668 verbum
599 3613 676 3669 istud
688 3612 827 3686 excipiat,
842 3629 964 3686 eumque
973 3625 1101 3684 accuset,
1115 3634 1131 3670 a
1143 3634 1202 3689 quo

129 3704 217 3762 fuerit
238 3706 394 3779 prolatum.
413 3707 498 3761 Potes
520 3705 667 3762 enimvero
685 3705 859 3762 Rutulorum
885 3723 980 3780 regem
1003 3707 1150 3775 Turnum,
1174 3719 1202 3764 et

129 3799 250 3854 AEneam
268 3797 346 3852 inter
363 3815 392 3853 se
410 3808 569 3872 pugnantes
588 3808 651 3852 tuto
672 3793 853 3853 describere:
870 3815 955 3852 nemo
969 3815 1043 3871 aegre
1062 3797 1130 3866 sert,
1147 3815 1200 3854 nec
1277 3797 1286 3809 '

16 3957 17 3960 Ἴ
130 3893 341 3959 stomachatur,
363 3909 451 3965 quum
474 3891 613 3948 Achillem
630 3911 646 3947 a
664 3892 766 3949 Paride
783 3893 964 3947 vulneratum
978 3892 1075 3961 audit,
1097 3903 1147 3947 aut
1162 3894 1199 3947 ab

130 3985 256 4040 Hercule
267 3983 320 4038 diu
331 3984 502 4059 vestigatum
517 3985 625 4060 Hylan,
637 3984 688 4057 qui
697 4003 761 4040 cum
771 4003 843 4039 urna
854 3985 968 4038 haustus
977 3982 1057 4056 aquis
1066 3982 1198 4056 perierat.

129 4078 241 4132 Verum
252 4075 365 4150 quoties
378 4087 463 4150 poeta
476 4075 620 4144 satiricus,
637 4089 704 4150 puta
720 4075 859 4142 Lucilius,
872 4075 1005 4129 incensus
1018 4073 1078 4142 ira,
1094 4075 1199 4148 stylum

129 4166 163 4222 in
177 4167 352 4244 flagitiosos,
368 4177 511 4242 tamquam
525 4185 639 4237 ensem,
657 4166 819 4242 distringit,
839 4177 908 4222 tunc
929 4162 1062 4233 auditor,
1081 4183 1199 4223 suorum

219 4259 247 4322 l.
990 4277 1067 4348 'a
