2892 5630
236 333 276 400 32
385 323 557 394 vtn1AE
586 330 880 396 LECTIONES
909 331 972 395 ET
1003 329 1155 398 NOTAE

232 444 324 498 Sidon.
339 444 426 516 Apoll.
440 443 521 514 Epist.
538 443 562 508 l,
578 459 625 508 123
638 444 730 496 confer
737 443 828 496 lloret.
844 443 889 497 lib.
902 445 945 510 II,
958 443 1012 497 Set.
1025 447 1053 512 l,
1069 463 1091 498 1.
1100 449 1245 516 -Ins'quoe,
1255 445 1303 500 fla-

233 526 340 596 gitiose.
356 553 391 563 -
407 527 522 581 remus,
535 522 592 574 siue
602 540 678 576 sensu
689 535 715 574 et
726 523 882 590 affectibus,
896 515 1115 595 χιλωιᾶρδὶκ,
1134 516 1302 597 ndnps'ppsu,

232 605 278 660 eui
291 617 328 656 est
341 590 394 675 iit?
407 595 518 670 χάλκιοι
531 615 557 654 et
569 591 700 675 oedipus,
716 603 758 654 vel
771 592 851 670 'i‘Wl
863 595 952 662 nuiss.
966 603 1140 656 Conserinire
1149 603 1221 670 vll,
1234 604 1302 670 150;

232 689 317 760 intpp.
338 687 429 743 Horat.
450 685 502 738 od.
516 686 546 750 1,
568 683 602 750 3,
623 702 657 752 9,
679 697 705 736 et
716 685 821 738 Jacobs.
837 684 871 737 ad
883 685 991 739 Anthol.
1005 685 1053 739 Gr.
1068 686 1180 753 vol.11,
1199 706 1227 759 p.
1243 687 1304 752 111,

285 812 291 823 .
310 787 369 838 172.

231 789 302 894 Ριξ-
317 857 408 916 Teaeae
418 869 460 909 se,
474 861 599 921 temperet
610 849 661 904 sibi
671 889 679 916 ,
691 868 745 922 quo
758 850 845 904 miuus
856 849 948 903 esdras
960 849 1065 903 scribat.

267 948 335 998 Nor.
349 944 393 998 32.
404 947 502 1004 nuto,
514 963 560 997 seu
570 947 688 1004 Mulon,
698 947 850 1006 causidicus,
863 958 889 998 et
897 945 1006 1016 quidem
1015 959 1066 999 tam
1076 959 1214 1014 ventosus,
1223 967 1303 1019 quem

232 1031 403 1085 ventricosus.
413 1028 484 1081 Olim
493 1040 625 1100 pauperet
633 1027 773 1080 mediocris
783 1027 854 1096 (vid.
866 1028 921 1094 XI,
932 1017 980 1096 34)
988 1069 996 1094 ,
1005 1041 1113 1101 propter
1120 1029 1232 1101 plurima
1240 1031 1303 1084 vitis

231 1115 330 1168 amicus
342 1112 440 1164 Neroni
455 1113 554 1178 iactus,
568 1112 591 1164 si
604 1111 669 1165 fides
680 1111 800 1164 habende
814 1113 903 1165 Schol.
922 1125 974 1165 ret.
994 1112 1065 1184 apud
1080 1113 1170 1166 Barth.
1192 1114 1302 1169 Adsere.

232 1200 317 1264 XIII,
338 1196 378 1250 13.
395 1199 478 1249 Deeo
492 1195 554 1248 vide
567 1197 634 1248 inira
653 1197 724 1261 Vll,
741 1213 807 1262 129,
827 1195 884 1260 xl,
903 1193 946 1258 34.
967 1195 1079 1248 Mertial.
1095 1195 1145 1261 IV,
1160 1196 1194 1248 80
1207 1208 1234 1247 et
1251 1198 1304 1264 81;

231 1283 303 1348 Vll,
318 1299 352 1348 9,
365 1279 398 1346 3,
417 1285 450 1345 4,
465 1279 551 1344 VIII,
562 1286 594 1342 le
606 1299 614 1345 ;
627 1279 732 1357 x,46‚;
746 1279 801 1345 XI,
816 1283 859 1346 69.
879 1279 958 1334 Ilium
970 1299 1002 1332 ex
1013 1278 1146 1333 causidico
1160 1279 1304 1335 delatorem

231 1379 257 1421 et
274 1365 337 1418 hine
357 1363 466 1417 divitem
488 1363 585 1432 iactum
606 1381 661 1415 esse
680 1375 788 1416 monent
800 1363 889 1435 intpp.
904 1363 976 1435 quod
988 1363 1058 1416 unde
1070 1363 1200 1430 habeant,
1219 1383 1305 1438 neque

231 1450 281 1523 ipsi
293 1449 402 1513 dieunt,
421 1465 507 1518 neque
520 1464 568 1517 ego
580 1447 695 1520 reperire
707 1447 791 1518 potui.
808 1447 880 1499 Infra
891 1447 963 1512 vn,
982 1463 1048 1516 129,
1065 1449 1225 1520 pauperihus
1242 1468 1305 1501 cau·

230 1533 318 1588 sidicie
327 1531 531 1596 adnumeratur,
543 1530 686 1602 etquidem
700 1531 749 1595 iis,
763 1531 827 1602 qui,
841 1543 870 1584 ut
878 1550 906 1584 se
915 1532 1003 1604 plebi,
1014 1532 1152 1584 hominum
1162 1533 1263 1604 ingenia
1273 1553 1304 1587 ac

230 1617 376 1670 doctrinam
389 1633 422 1666 er
432 1615 506 1666 uultu
518 1629 609 1666 eorum
628 1625 653 1665 et
671 1613 862 1684 magnificentia
875 1616 1029 1680 estimanti,
1048 1614 1248 1682 commendent,
1267 1617 1303 1668 si·

231 1703 330 1754 mulant
341 1717 369 1751 se
379 1697 553 1762 divitesesre,
566 1709 591 1748 et
612 1714 677 1750 vana
694 1713 776 1768 opum
796 1697 926 1768 luxusque
941 1698 1113 1750 ostentatione
1135 1698 1162 1748 in
1181 1715 1304 1768 magnum

231 1802 264 1836 res
273 1782 387 1834 alienum
399 1781 528 1833 incidunt.
544 1779 613 1831 Hinc
625 1779 713 1850 potins
725 1798 812 1830 novam
824 1779 852 1832 h.
867 1779 885 1832 l.
902 1784 1023 1841 lectionari,
1041 1779 1198 1850 stultamque
1216 1791 1305 1832 osten-

230 1867 353 1918 tationem
368 1864 426 1916 talis
444 1862 559 1915 hominis
571 1874 597 1914 et
610 1863 783 1914 imitationem
801 1861 927 1915 ditiorum
942 1881 995 1915 non
1011 1862 1068 1914 sine
1082 1861 1134 1913 bile
1148 1862 1233 1913 notari
1246 1879 1304 1913 cre·

231 1948 460 2012 ‹liderim31eeu‘ea
473 1966 550 2006 nova,
570 1965 656 2018 nuper
670 1957 837 2018 comparata,
856 1963 917 1998 eum
934 1946 1004 2010 sale,
1024 1944 1114 2014 utqui
1132 1954 1206 1996 antea
1223 1943 1304 2014 pedes

230 2032 391 2084 ambularet:
406 2032 503 2101 Grang.
519 2030 606 2102 simpl.
621 2048 699 2090 nova,
718 2047 832 2100 namque
845 2041 872 2080 et
883 2028 946 2082 lu'no
958 2027 1097 2100 splendor,
1115 2027 1226 2080 Fer-oab.
1241 2027 1302 2079 coll.

231 2114 343 2168 Martial.
358 2115 404 2167 lib.
418 2114 463 2178 ΙΙ,
477 2113 559 2184 epigr.
574 2113 625 2181 57,
639 2116 673 2178 65

525 2223 614 2270 Recens
628 2223 685 2270 selle
700 2220 828 2284 linteisque
843 2221 955 2284 lorisque.

266 2375 331 2421 Vua.
351 2372 392 2420 33.
410 2372 445 2418 Er
453 2381 513 2433 post
525 2385 571 2434 pro
581 2381 655 2433 post,
670 2371 719 2427 25,
734 2371 852 2428 itt-50,
867 2371 987 2430 56-65,
1000 2373 1049 2430 67,
1064 2371 1114 2429 68,
1128 2371 1177 2432 69,
1194 2379 1307 2432 71-74.

266 2469 334 2521 Nou.
362 2465 405 2519 33.
426 2470 505 2516 Plena
524 2469 589 2534 ι’ρεο,
608 2477 717 2537 propter
732 2465 885 2517 obesitatem
898 2465 1033 2536 eorporis3
1047 2465 1097 2516 nisi
1114 2465 1253 2531 malueris,
1273 2485 1305 2519 ex

230 2551 352 2604 Juvencii
365 2550 594 2620 interpretatione,
610 2561 717 2620 propter
728 2547 878 2619 superbiam
888 2589 896 2605 .
908 2567 958 2620 qna
972 2547 1100 2617 turgebat.
1121 2547 1173 2600 En.

267 2667 300 2675 —
315 2635 512 2700 Delatormagm'
525 2634 613 2692 astet,
632 2631 796 2702 imperatorie
806 2671 813 2696 ,
824 2628 865 2683 'ad
884 2647 963 2701 quem
979 2630 1092 2694 multos,
1110 2647 1183 2682 more
1198 2631 1304 2682 illorum

227 2731 378 2789 temporum
393 2715 455 2768 setis
472 2726 552 2780 noto,
567 2713 700 2768 deferebat
713 2719 757 2784 (ut
775 2733 873 2783 magacr
884 2715 999 2764 amicitie
1016 2713 1066 2780 IV,
1087 2719 1137 2783 74;
1159 2725 1183 2765 et
1203 2732 1306 2781 treguas

230 2802 289 2851 aisis
295 2799 345 2864 v1,
357 2799 418 2866 559)
428 2819 435 2862 ;
445 2797 496 2849 uisi
504 2797 590 2862 melis,
601 2798 648 2868 qui
657 2815 779 2868 magnum
793 2797 906 2868 aliquem
918 2796 1043 2861 amicum,
1054 2796 1110 2849 sire
1118 2797 1237 2861 Cnsaris,
1249 2797 1307 2849 sire

231 2901 324 2948 suum,
343 2881 469 2953 dignitate
486 2881 675 2952 conspicuum,
693 2881 804 2946 detulit;
820 2883 856 2934 ci.
870 2880 903 2933 ad
916 2880 973 2945 VI,
992 2879 1053 2932 313.
1068 2881 1135 2944 Quia
1149 2879 1306 2932 emoluerit

231 2967 331 3020 delator
347 2965 392 3018 hie
411 2966 542 3029 famosus,
562 2963 720 3034 ignoramus.
741 2964 857 3028 Quidam
875 2964 1005 3034 designari
1024 2975 1116 3036 putant
1132 2967 1304 3025 Heliodorum,

198 3113 201 3122 Ι
230 3049 424 3122 philosophum
431 3048 565 3112 Stoicum,
579 3068 592 3098 a
609 3065 662 3118 quo
679 3047 758 3101 delati
771 3048 803 3099 L.
819 3048 914 3100 Junius
930 3047 1051 3110 Silanus,
1067 3047 1150 3099 Massa
1164 3059 1189 3098 et
1203 3047 1304 3114 Carus,

230 3135 253 3188 si
270 3146 322 3187 vet.
340 3133 429 3186 Schol.
448 3128 513 3183 tides
534 3130 671 3195 habenda;
695 3131 739 3182 alii
757 3133 889 3199 Egnarisem
912 3133 1016 3182 Celerem
1034 3130 1239 3202 philosophum,
1257 3133 1305 3202 qui

230 3217 337 3269 Baream
349 3215 492 3280 Soranum,
506 3212 665 3285 discipulum
679 3231 757 3265 suum
769 3233 930 3282 rnagnmnque
941 3217 1059 3273 asnieuur,
1075 3213 1138 3265 ialto
1155 3213 1305 3266 testimonio

230 3300 376 3373 oppressit,
394 3297 440 3352 sed
452 3298 508 3369 ipse
521 3308 628 3368 postes,
647 3295 800 3368 Vespasiani
823 3296 1002 3367 temporibus,
1023 3309 1160 3350 accusante
1180 3295 1305 3348 Musonio

230 3385 316 3447 Rut'o,
329 3381 466 3435 damnatus
476 3391 514 3432 est
523 3377 572 3447 (de
583 3397 638 3450 quo
648 3399 674 3432 v.
686 3377 719 3430 ad
729 3379 770 3430 111
780 3419 787 3444 ,
804 3380 851 3430 116
860 3397 915 3450 seq.
923 3381 949 3445 );
961 3379 1005 3430 alii
1014 3379 1110 3431 rertitn
1121 3383 1157 3430 Μ.
1171 3381 1303 3446 reglum,

230 3467 276 3538 qui
290 3479 346 3518 tum
358 3464 484 3536 temporis
495 3463 614 3516 omnium
629 3460 756 3534 bipedum
770 3461 819 3513 tuit
833 3462 1026 3533 nequissimus,
1039 3463 1188 3535 multosque
1201 3463 1305 3516 nobiles

230 3550 281 3602 sub
292 3549 395 3603 Nerone
408 3567 437 3600 ae
450 3547 600 3600 Domitiam
613 3545 761 3609 accusavit,
776 3543 809 3596 de
821 3561 875 3614 quo
888 3563 914 3596 v.
932 3543 996 3596 Tac.
1016 3543 1082 3597 llist.
1102 3544 1153 3611 Ν,
1173 3551 1216 3607 ia.
1232 3545 1300 3598 Plio.

230 3631 280 3704 Ep.
295 3633 326 3696 l,
344 3630 397 3684 iet
410 3649 461 3694 so,
479 3629 524 3693 11,
541 3646 568 3679 11
584 3641 609 3680 et
623 3648 674 3692 πο,
688 3627 739 3692 Ν,
753 3647 766 3679 2
782 3639 851 3696 et7;
865 3627 921 3693 Vl,
934 3627 1050 3688 2.,Forte
1062 3641 1147 3681 tamen
1160 3641 1235 3701 poete
1248 3646 1302 3681 non

229 3714 263 3768 ad
280 3733 362 3768 unum
376 3711 489 3783 aliquem
503 3713 615 3783 respexit
626 3711 787 3774 delatorem,
807 3708 854 3762 sed
871 3709 904 3762 ed
922 3711 1027 3780 plures,
1048 3729 1161 3780 quorum
1176 3727 1302 3764 onmem

230 3810 287 3850 turn
298 3799 325 3850 iu
338 3796 394 3850 dies
414 3796 468 3848 iere
481 3795 629 3861 erescebat,
643 3793 742 3866 quique
755 3810 808 3845 non
823 3791 902 3844 modo
915 3793 949 3844 als
962 3793 1037 3856 aliis,
1055 3791 1100 3844 sed
1119 3793 1184 3844 alter
1194 3809 1302 3862 quoqne

276 3883 357 3934 altero
371 3879 546 3944 timebantur;
568 3877 638 3932 unde
650 3898 677 3930 v.
693 3876 745 3940 353
762 3891 831 3945 quem
851 3879 938 3926 Massa
959 3877 1038 3935 tunes,
1052 3887 1103 3928 eet.
1121 3887 1146 3926 et
1158 3873 1300 3940 Sidonius,

323 3968 359 4032 V,
376 3985 391 4036 7
406 3985 413 4018 ε
432 3963 489 4016 «lli
501 3976 579 4030 sunt,
593 3982 659 4035 qnos
672 3964 783 4028 timent,
796 3963 876 4014 etiarn
887 3963 933 4034 qui
946 3963 1079 4015 timentur.
1092 3984 1103 4005 ι

355 4065 444 4113 tutem
454 4081 564 4124 cornera,
581 4061 657 4113 bouis
667 4059 721 4112 suis
734 4057 851 4130 spoliata.
