2954 4916
208 521 462 688 ER¹UDITO
489 599 561 690 ΕΤ
590 597 891 688 BENEVOLO
917 593 1166 684 LECTORI

626 801 651 848 S.
668 801 696 848 Ρ.
714 801 746 848 D.

484 980 528 1050 N.
554 981 595 1048 E.
622 976 882 1050 LEMAIRE.

151 1413 303 1527 Quamvis
314 1448 358 1496 tot
367 1448 397 1496 et
405 1435 491 1496 tantis
499 1434 644 1516 impediar
653 1434 787 1520 negotiis,
797 1454 834 1494 ex
843 1453 903 1512 quo
913 1434 1001 1494 totius
1009 1434 1069 1497 fere
1078 1435 1228 1500 latinitatis

151 1529 335 1609 colligendae,
352 1526 611 1606 recognoscendae,
627 1527 724 1586 denuo
737 1525 923 1606 publicandae
935 1527 1094 1590 atlanteum
1107 1547 1181 1590 onus
1196 1531 1227 1590 in

152 1644 200 1682 me
222 1622 352 1700 suscepi,
365 1633 400 1680 ut
415 1641 491 1700 saepe
506 1639 620 1683 mecum
638 1619 780 1691 admirer,
797 1639 856 1698 quo
874 1619 963 1679 modo
980 1621 1088 1680 centies
1104 1621 1136 1682 in
1153 1615 1230 1682 bora

153 1715 312 1774 distentum
329 1724 417 1791 atque
436 1713 606 1774 distractum
626 1713 773 1792 ingenium
790 1709 896 1791 (credo
916 1712 1031 1772 favente
1053 1713 1151 1792 aliquo
1175 1734 1229 1772 nu-

151 1807 248 1886 mine)
263 1827 323 1865 non
337 1805 449 1870 tanseat
464 1805 598 1878 demum,
614 1825 648 1866 ac
663 1805 877 1882 disrumpatur3
895 1813 991 1862 tamen
1004 1805 1133 1865 suffuror
1144 1806 1228 1883 operi

153 1902 291 1958 universo
302 1897 502 1956 breviusculas
513 1897 653 1974 quasdam
666 1894 806 1973 temporis
820 1895 992 1974 particulas,
1006 1913 1078 1970 quas
1089 1895 1124 1954 iis
1135 1897 1229 1972 potis-
1251 1953 1254 1956 ⁴

153 1993 259 2052 dmum
271 1990 438 2070 impendam
447 1989 550 2069 poetis,
561 1991 591 2048 in
601 1989 706 2070 quibus
716 2007 831 2068 semper
842 1987 987 2066 acquievi,
1000 1988 1101 2048 solitus
1110 1987 1228 2066 quidem
1320 2057 1324 2073 Ι

153 2105 222 2146 cum
238 2083 348 2144 caeteris
367 2082 447 2142 baud
465 2082 622 2163 injucunde
644 2082 757 2142 versari
775 2078 984 2158 scriptoribus,
1005 2098 1071 2138 cum
1091 2079 1137 2140 bis
1155 2099 1227 2140 vero

153 2178 242 2236 etiam
255 2175 436 2236 familiariter
446 2175 602 2234 convivere
610 2173 797 2254 jamdudum,
812 2187 841 2234 et
853 2171 1043 2233 confabulari.

195 2277 323 2350 AEquum
337 2283 382 2330 est
397 2288 503 2348 porro,
519 2268 571 2348 qui
585 2289 631 2330 me
645 2269 800 2348 saepissime
813 2268 1006 2340 delectarunt,
1023 2285 1073 2326 eos
1087 2266 1197 2344 aliquid
1212 2288 1230 2327 a

153 2383 201 2423 me
214 2383 275 2442 pree
288 2362 399 2421 caeteris
413 2363 506 2433 ferre,
520 2374 550 2420 et
562 2381 689 2439 quorum
700 2362 864 2438 praecipuus
881 2379 979 2430 amor,
996 2379 1098 2418 eorum
1111 2379 1229 2436 quoque

153 2458 330 2534 singularem
343 2471 525 2512 assecutam.
542 2458 645 2530 Itaque
658 2453 825 2532 Virgilium,
839 2471 930 2530 quum
942 2473 978 2512 ex
991 2453 1081 2530 prelis
1094 2452 1164 2512 meis
1176 2472 1241 2510 ex-·

153 2551 226 2618 iret,
240 2549 322 2606 nolui
332 2565 407 2608 atne
420 2544 583 2617 discedere,
595 2545 666 2624 quin
680 2545 799 2606 abeunti
810 2547 1004 2624 imponerem,
1017 2557 1153 2624 tunquam
1164 2544 1231 2617 ξίιιι

153 2639 342 2718 quasdam‚et
357 2658 496 2694 manuum
509 2652 698 2696 moenimenta
712 2659 859 2711 maenam,
875 2640 1078 2716 supplementa
1088 2639 1139 2697 illa
1150 2642 1230 2715 Hey-

152 2733 247 2790 nianae
259 2729 403 2800 editionis,
414 2728 545 2808 longum,
560 2728 625 2798 sed,
641 2729 735 2788 audeo
748 2730 858 2802 elicere,
871 2728 1052 2808 utilissimum
1063 2749 1146 2808 opus,
1156 2731 1229 2788 assi-

154 2823 207 2882 dui
219 2842 273 2900 per
286 2822 392 2882 multos
404 2839 495 2880 annos
509 2819 619 2882 laboris
632 2823 775 2894 fructum,
789 2841 842 2880 nec
854 2822 939 2894 mihi,
951 2842 1004 2880 nec
1016 2821 1231 2903 professoribus
1342 2865 1344 2868 -

155 2916 341 2988 doctissimis,
359 2935 414 2974 nec
425 2914 536 2976 caeteris
546 2913 705 2974 lectoribus
718 2915 928 2992 poenitendum.

193 3014 280 3068 Nunc
295 3008 395 3086 prodit
407 3028 424 3066 a
438 3027 484 3066 me
497 3008 660 3080 Iuvenalis,
672 3008 942 3068 vehementissimus
953 3021 1053 3088 poeta,
1069 3009 1178 3079 dicam,
1192 3029 1229 3068 an

154 3103 276 3160 orator?
291 3100 341 3158 sed
353 3113 510 3178 utrumque
520 3099 622 3159 dicam.
640 3099 712 3172 Quis
724 3101 801 3160 enim
814 3113 865 3160 aut
876 3113 986 3160 mentes
998 3100 1102 3178 rapido
1115 3100 1231 3160 dicendi

155 3207 227 3254 aestu
235 3192 382 3270 potentius
396 3190 537 3270 abripuit,
548 3191 628 3268 quod
639 3193 743 3266 summi
753 3195 879 3254 oratoris
891 3196 952 3252 est?
964 3207 1014 3252 aut
1026 3193 1131 3253 vividis
1142 3195 1232 3273 mags

156 3286 304 3346 coloribus
317 3286 456 3363 imagines
470 3285 600 3342 omnium
618 3303 689 3360 quus
703 3283 796 3362 attigit
809 3303 907 3344 rarum
921 3286 1080 3362 expressit,
1094 3287 1174 3363 quod
1189 3299 1233 3346 est

155 3381 261 3438 summi
276 3381 388 3457 poetae?
406 3375 517 3434 Omitto
531 3377 590 3433 vim
606 3376 760 3450 corsicam,
777 3397 835 3454 qua
851 3390 934 3456 parte
948 3399 985 3436 ne
999 3380 1101 3438 Plauto
1114 3379 1232 3456 quidem

155 3471 278 3530 inferior
292 3483 343 3528 est.
363 3469 422 3528 Sed
437 3468 514 3526 banc
527 3469 620 3528 molto
635 3469 778 3546 potiorem
795 3468 851 3530 sibi
869 3469 986 3528 laudem
999 3469 1142 3543 vindicat,
1161 3469 1233 3530 boni

156 3563 267 3623 civiset
275 3580 388 3622 morum
395 3561 519 3622 vindicis
532 3561 657 3640 egregii:
668 3581 735 3620 nam
746 3563 811 3640 quis
820 3562 851 3620 in
860 3562 1034 3622 vitiaacrius
1042 3563 1093 3622 illo
1101 3565 1233 3624 invectus
1301 3599 1306 3614 ·

156 3657 220 3714 est?
242 3655 389 3714 Malorum
406 3667 527 3732 pectora
544 3657 622 3716 curis
640 3675 727 3714 exesa
745 3657 810 3734 quis
829 3657 968 3716 audacius
983 3658 1144 3719 revelavit?
1162 3660 1235 3732 Quis

157 3747 240 3824 prior
257 3748 374 3806 satiram
392 3746 507 3824 flagello
524 3746 679 3825 gladioque
697 3751 835 3820 armavit,
855 3750 951 3810 adbuc
968 3752 999 3810 in
1016 3752 1140 3810 Horatio
1157 3750 1234 3811 ludi-

155 3837 302 3914 bundam,
327 3838 358 3898 io
380 3839 523 3898 iuvenale
544 3859 705 3919 pugnacem
727 3854 757 3898 et
777 3841 930 3902 ultricem?
956 3845 1041 3902 Hunc
1062 3843 1150 3922 igitur
1167 3855 1235 3920 post

155 3931 311 4009 Virgilium
332 3931 543 4010 Horatiumque
558 3933 618 4010 jam
636 3954 652 3992 a
673 3935 779 3994 teneris
797 3936 948 4014 amplexus
961 3956 1024 3998 sum
1038 3960 1045 3993 ε
1058 3937 1135 3996 bunc
1152 3955 1235 4013 paene

160 4024 364 4102 quotidianum
380 4021 629 4098 confabulatorem
646 4028 758 4099 amavi,
776 4028 806 4086 io
823 4028 934 4089 deliciis
949 4028 1059 4100 habui,
1078 4027 1129 4104 qui
1146 4040 1237 4086 meet

156 4136 223 4174 cum
238 4117 302 4196 ipso
319 4116 505 4176 meditantem
514 4117 641 4195 plurima
650 4117 845 4180 oblectatione
856 4119 1023 4192 detinebat,
1044 4131 1073 4180 ct
1084 4119 1235 4184 disceden-

161 4221 219 4267 tem
231 4229 347 4288 semper
359 4209 508 4287 aliquanto
524 4211 672 4272 meliorem
688 4211 858 4272 dimittebat.
