2954 4916
224 426 245 468 ι
306 400 564 470 sumntum
589 397 833 464 uumerus
855 397 897 462 u.
920 398 959 462 s.
982 352 1211 466 samaras.

223 515 627 590 monsuetudinem,
642 512 669 586 5,
683 511 842 582 sentiebat,
852 511 897 572 sui
910 511 996 572 simul
1005 523 1035 570 et
1044 513 1298 590 nosnipatronus:

392 717 394 724 Α
437 649 517 698 «Nam
529 656 622 696 cuturn
637 661 690 696 erse
702 645 771 695 decet
785 645 856 710 piam
871 653 970 710 poetam

436 732 551 795 «ipsunt
564 729 699 778 versiculos
710 728 775 777 nihil
785 743 884 777 nenena
893 735 937 776 eat.
944 749 957 770 n

262 852 331 908 Nou
350 848 502 908 laudamus
522 847 641 920 Catulb,
661 866 756 924 neque
772 846 944 906 Latinorum
963 864 1057 924 prope
1070 857 1216 924 quotquot
1233 859 1301 905 sunt

221 953 389 1019 poetarum,
403 940 476 1000 falsa
488 941 593 1000 fretam
604 939 744 1020 opinione
758 937 917 1012 licentiam3
931 939 1077 998 credimus
1089 951 1184 997 umen
1196 957 1302 1018 perpe-

221 1051 286 1090 ram
298 1050 417 1090 munere
432 1051 485 1090 suo
497 1031 617 1111 defungi
628 1031 770 1104 editores,
785 1031 838 1109 qui
851 1032 947 1091 latinis
959 1030 1126 1090 auctoribus
1138 1049 1303 1110 expurgan-

223 1121 282 1194 dis,
298 1121 401 1194 idest,
416 1123 590 1197 castrandis,
608 1143 730 1203 operam
743 1136 914 1204 tempusque
929 1143 1012 1182 suum
1027 1136 1208 1182 consumunt.
1225 1124 1302 1184 Hinc

222 1233 298 1293 saepe
310 1213 417 1274 fatiscit
428 1228 458 1274 et
469 1215 657 1296 abrumpitur
665 1217 796 1276 mutilata
809 1215 904 1274 oratio
916 1239 922 1274 :
935 1237 972 1274 ex
985 1216 1114 1294 reliquiis
1126 1214 1303 1294 imperfectis

223 1305 368 1366 absurdus
390 1328 466 1386 saepe
483 1321 533 1368 aut
551 1309 647 1367 nullus
667 1329 767 1368 sensus
785 1307 901 1367 elicitur
918 1331 925 1366 :
940 1309 1057 1368 succisis
1072 1309 1153 1368 velut
1173 1307 1303 1367 articulis

223 1416 327 1456 manca
339 1411 368 1456 et
382 1399 500 1458 enervia
507 1401 607 1482 jacent
621 1403 808 1480 argumenta,
819 1401 945 1480 denique
955 1399 1082 1459 cadaver
1092 1401 1229 1472 auctoris,
1243 1419 1302 1458 non

223 1490 323 1548 vivum
346 1503 375 1550 et
395 1493 516 1572 plenum
534 1493 674 1572 sanguine
695 1513 804 1572 eorpus
822 1492 986 1552 exhibetur.
1007 1493 1066 1552 Alii
1083 1513 1120 1552 ex
1139 1494 1204 1571 ipso
1223 1503 1303 1551 textu

224 1581 370 1661 quidquid
389 1603 449 1641 nou
468 1581 580 1662 placuit
593 1597 758 1656 eraserunt3
780 1605 834 1644 nec
847 1583 955 1663 puduit
969 1584 1034 1644 illos
1048 1605 1098 1644 sua
1112 1583 1219 1656 verba,
1237 1603 1303 1643 suas

224 1674 402 1754 quandoque
418 1678 576 1736 sententias
593 1676 746 1748 infarcire,
764 1675 801 1734 ad
816 1676 961 1748 sananda,
971 1677 1018 1735 ’rel
1030 1675 1221 1743 obducenda,
1238 1694 1303 1752 quae

225 1769 354 1832 fecerant
362 1769 433 1848 ipsi,
443 1770 575 1830 vulnera.
583 1771 759 1830 Aliilasciva
768 1789 906 1848 quaeque,
918 1789 1012 1846 perse
1022 1766 1304 1848 plerumqueobscu-

224 1859 347 1930 rissima,
356 1855 419 1919 siue¹
428 1861 637 1922 commentario
648 1863 842 1941 reliqueruut3
855 1862 1026 1940 acciditque,
1038 1875 1070 1920 ut
1078 1859 1199 1940 pudoris
1208 1860 1304 1938 specie

224 1974 305 2013 suam
317 1954 366 2014 bic
380 1953 425 2014 ibi
443 1957 572 2016 velantes
585 1957 796 2036 ignorantiam,
816 1955 960 2035 quidquid
976 1975 1035 2014 non
1049 1955 1227 2032 intelligunt,
1248 1972 1304 2031 pro

225 2049 337 2107 incesto
357 2044 502 2120 babeant;
524 2048 667 2126 quidquid
684 2051 834 2119 nesciunt,
853 2047 999 2106 damnent.
1017 2045 1117 2118 Absit,
1134 2059 1165 2103 ut
1183 2047 1304 2104 istorum

224 2137 367 2216 exemplis
380 2129 529 2219 regamur!
548 2141 636 2198 immo
650 2160 738 2212 vero,
753 2152 894 2218 quantum
909 2143 940 2199 in
954 2139 1040 2198 nobis
1053 2140 1121 2209 fuit,
1137 2139 1209 2198 nihil
1222 2138 1305 2196 inex-

222 2231 378 2310 plicatum,
403 2228 476 2290 nibil
498 2243 577 2288 certe
598 2233 770 2289 intentatum
788 2231 943 2290 omisimus.
971 2234 1032 2288 Nec
1051 2232 1128 2288 enim
1148 2249 1201 2287 nos
1221 2231 1304 2288 ineu-

225 2321 310 2382 sandi
324 2341 438 2394 sumus,
457 2324 482 2381 si
495 2335 553 2381 tam
567 2322 664 2380 audax
679 2321 734 2379 fuit
749 2319 828 2400 apud
842 2334 956 2380 veteres
970 2341 1083 2380 morum
1097 2335 1127 2379 et
1140 2340 1305 2380 sermonum

223 2413 350 2474 licentia.
360 2419 404 2473 Ne
413 2426 519 2472 temere
529 2413 647 2494 quidem
658 2413 853 2473 criminandus
863 2413 925 2494 ipse
933 2419 950 2472 J
952 2415 1090 2486 uveualis,
1103 2416 1154 2492 qui
1165 2416 1305 2472 vitiorum

223 2518 416 2586 portentosas,
429 2507 480 2566 sed
491 2527 575 2566 veras
589 2507 727 2585 imagines
734 2505 882 2579 exhibuit,
894 2527 988 2584 neme
1002 2520 1035 2565 ut
1047 2505 1195 2577 laudaret,
1208 2505 1258 2564 sed
1272 2519 1304 2564 ut

224 2601 364 2660 acerrime
372 2603 570 2660 insectaretur.
584 2604 695 2660 Censor
708 2601 772 2672 ille,
787 2599 894 2658 nedum
908 2599 1051 2670 adulator,
1066 2599 1185 2678 castigat
1196 2618 1302 2670 mores,

225 2715 285 2754 non
298 2697 476 2773 corrumpit:
488 2693 735 2773 quemadmodum
747 2693 883 2774 Spartani
895 2693 1033 2752 dicuntur
1043 2711 1194 2751 servorum
1207 2690 1305 2750 ebrio-

224 2807 289 2844 rum
305 2786 471 2866 spectaculo
484 2787 600 2846 finxisse
613 2805 723 2865 pueros
734 2784 771 2843 ad
782 2784 977 2843 sobrietatem.
988 2784 1041 2841 Vis
1051 2783 1124 2840 scire
1136 2803 1194 2860 qua
1209 2794 1305 2840 mente

224 2879 322 2938 saeculi
333 2880 378 2937 sui
394 2876 603 2956 turpitudinem
617 2877 771 2937 denudet?
784 2883 939 2953 Interroga
955 2888 983 2933 te
1002 2874 1105 2952 ipsum.
1126 2872 1254 2931 uidesne
1267 2873 1304 2931 ad

223 2970 282 3030 boc
297 2971 511 3048 spectaculum,
525 2988 562 3029 an
576 2969 740 3029 abhorres?
754 2967 841 3041 Quod
855 2969 879 3028 si
896 2967 1022 3026 infandae
1037 2965 1204 3045 cupiditatis
1217 2986 1304 3024 mon-

224 3077 299 3136 stra,
314 3062 498 3122 deformitate
511 3083 563 3123 sua
572 3083 634 3123 non
646 3075 770 3142 possunt
779 3060 836 3120 nisi
849 3062 1004 3120 horrorem
1017 3059 1162 3118 mentibus
1173 3059 1308 3140 injicere,

225 3154 250 3215 si
264 3155 320 3214 tale
339 3155 409 3226 fuit,
424 3168 457 3214 ut
471 3154 598 3228 videtur,
614 3155 742 3214 auctoris
754 3153 846 3212 nostri
859 3153 1009 3212 consilium
1017 3174 1026 3224 3
1043 3152 1080 3223 si,
1095 3151 1174 3230 quod
1185 3151 1307 3209 effectus

223 3248 287 3329 ipse
301 3243 370 3304 satis
384 3247 510 3320 iudicat,
528 3267 587 3308 non
599 3260 632 3305 ut
644 3245 787 3326 impuram
803 3245 939 3306 sollicitet
952 3245 1149 3325 pruriginem,
1166 3265 1261 3324 neque
1272 3259 1305 3304 ut

225 3337 369 3398 obscoenis
379 3341 602 3419 facetiispravas
610 3340 736 3400 oblectet
746 3354 865 3412 mentes,
875 3338 926 3398 sed
936 3352 969 3397 ut
977 3359 1124 3418 generosae
1132 3339 1306 3416 indignatio-

224 3431 270 3491 nis
282 3433 398 3492 stimulo
408 3452 460 3490 nos
473 3432 640 3492 asimilibus
652 3435 827 3512 corruptelis
839 3432 953 3511 abigat,
967 3432 1045 3490 ultro
1060 3432 1089 3489 in
1102 3431 1149 3490 bis
1162 3443 1303 3502 moratur,

224 3537 255 3583 et
269 3525 394 3584 frontem
402 3525 457 3585 sibi
468 3526 607 3604 perfricat
616 3528 778 3599 luvenalis3
790 3527 921 3604 ignosces
934 3523 1029 3594 nobis,
1044 3525 1134 3584 amice
1144 3522 1303 3600 lector,qui

226 3631 319 3676 totum
331 3618 411 3677 bunc
425 3621 487 3679 sine
496 3632 590 3693 veste,
605 3640 663 3698 qua
676 3618 861 3698 impediatur,
874 3620 935 3677 sine
946 3617 1024 3686 velo,
1044 3613 1124 3694 quod
1138 3615 1201 3692 ipse
1213 3615 1303 3686 nolit,

225 3711 416 3790 spectandum
432 3711 485 3771 tibi
496 3713 725 3792 exposuerimus,
739 3711 769 3768 in
781 3711 831 3769 illo
849 3709 930 3768 velut
943 3706 1071 3780 theatro,
1082 3705 1135 3766 ubi
1146 3727 1211 3766 cum
1224 3706 1302 3766 vitiis

226 3802 361 3862 omuibus
378 3793 561 3882 digladiatur.
577 3805 625 3862 Sic
638 3804 711 3862 nudi
722 3800 891 3882 pugnabant
906 3800 1021 3860 atbletae
1030 3821 1038 3856 τ
1048 3798 1088 3859 sic
1101 3798 1211 3858 nudum
1223 3802 1301 3858 ller—

227 3897 322 3955 oulem
339 3917 405 3955 cum
416 3897 519 3976 Hydra
532 3897 729 3958 decertantem
746 3894 873 3974 pictores
884 3892 1025 3953 exhibere
1037 3892 1139 3952 solent.
1150 3892 1232 3950 Vale.

1135 4013 1172 4068 N.
1193 4012 1227 4066 E.
1247 4012 1284 4064 L.
