2954 4916
259 437 298 478 ra
527 419 568 482 D.
598 416 737 486 JUNII
766 421 1054 490 JUVENALIS

254 531 366 619 Quem
383 529 511 625 patitur
527 534 675 606 dormire
691 561 796 606 nurus
812 553 994 632 corruptor
1008 563 1132 626 avarae,

254 641 364 729 Quem
382 667 511 737 sponsae
527 660 661 740 turpes,
677 663 712 716 et
728 665 943 742 praetextatus
959 650 1111 719 adulter?

254 753 290 820 Si
307 769 426 822 natura
443 770 560 850 negat,
578 755 659 827 lacit
676 759 865 854 indignatio
882 783 1033 844 versum,

253 862 541 959 Qualemcumque
558 882 687 960 potest;
704 869 817 962 quales
834 893 913 964 ego,
930 868 982 937 vel
999 868 1190 939 Cluuienus.
1292 890 1326 939 so

302 974 351 1040 Ex
368 997 433 1066 qua
449 974 653 1062 Deucalion,
670 976 790 1044 nimbis
808 975 1003 1045 tollentibus
1019 1000 1151 1070 sequor,
1258 1027 1261 1036 .

250 1081 403 1186 Navigio
419 1098 568 1155 montem
584 1086 755 1170 ascendit,
771 1101 945 1180 sortqsque
962 1085 1133 1179 poposcit,

253 1189 484 1288 Paulatimque
501 1195 613 1265 anima
629 1195 803 1264 caluerunt
819 1196 935 1264 mollia
950 1221 1043 1281 saxa,
1123 1200 1127 1209 '

252 1301 295 1368 Et
312 1301 458 1370 maribus
474 1303 580 1372 nudas
596 1304 743 1374 ostendit
758 1305 889 1399 Pyrrha
905 1305 1049 1400 puellas,

251 1407 426 1504 Quidquid
439 1427 545 1507 agunt
555 1411 724 1499 homines,
736 1430 869 1501 votum,
882 1416 999 1502 timor,
1013 1416 1078 1500 ira,
1091 1412 1258 1506 voluptas,
1288 1428 1322 1483 85

252 1517 399 1606 Gaudia,
416 1520 600 1609 discursus,
618 1523 725 1590 nostri
742 1539 793 1591 est
808 1523 941 1618 farrago
959 1524 1078 1592 libelli.

250 1628 295 1696 Et
310 1629 444 1722 quaudo
461 1631 601 1700 uberior
617 1632 775 1701 vitiorum
793 1633 910 1728 copia?
925 1633 1062 1728 quando

250 1739 363 1831 Major
379 1740 524 1812 avaritiae
541 1743 653 1837 patuit
668 1743 781 1812 sinus?
796 1744 867 1812 alea
883 1743 1018 1838 quando

250 1849 321 1916 Hos
337 1849 489 1920 animos?
503 1875 614 1946 neque
630 1852 722 1920 enim
739 1851 857 1922 loculis
874 1850 1112 1920 comitantibus
1128 1850 1198 1918 itur

250 1955 303 2024 Ad
319 1982 431 2028 casum
449 1960 588 2048 tabulas,
604 1962 713 2057 posita
729 1961 788 2029 sed
804 1960 933 2029 luditur
947 1983 1033 2028 arca.
1285 1993 1320 2042 9⁰

249 2066 369 2135 Praelia
385 2085 511 2162 quanta
527 2069 592 2138 illic
609 2070 838 2162 dispensatore
855 2067 985 2135 videbis

249 2173 445 2268 Armigero!
465 2177 649 2270 simplexne
666 2176 780 2262 furor,
797 2175 949 2243 sestertia
965 2189 1101 2243 centum

208 2317 216 2330 ·
249 2283 414 2370 Perdere,
432 2299 466 2353 et
482 2284 635 2354 horrenti
653 2285 800 2354 tunicam
818 2309 887 2352 non
904 2282 1044 2350 reddere
1061 2281 1181 2350 servo?

249 2485 279 2532 st
291 2493 394 2550 capro,
410 2487 460 2531 aut
473 2475 535 2532 aliis
548 2475 636 2552 signis
648 2476 750 2532 calatis
761 2493 868 2550 aspera.
884 2475 976 2544 Quem
990 2493 1051 2531 non
1062 2473 1184 2549 impellit
1195 2476 1317 2536 adscri-

248 2566 372 2623 bendam
386 2566 516 2638 satiram,
540 2569 717 2644 excitatque,
738 2578 820 2643 pater
841 2586 955 2623 avaram
968 2565 1020 2624 lilii
1036 2585 1157 2623 uxorem
1173 2567 1211 2624 ad
1225 2571 1318 2628 scelus

247 2661 343 2736 pretio
361 2661 545 2736 pertrahens;
561 2681 672 2736 sponsae
692 2659 837 2718 amoribus
859 2659 1029 2734 turpissimis
1050 2670 1212 2732 estuantem
1233 2664 1318 2736 pueri

247 2751 395 2810 adulteriis
411 2751 547 2810 infames?
561 2753 592 2811 Si
606 2754 669 2829 quis
680 2763 763 2829 poeta
779 2763 861 2808 uatus
872 2771 933 2807 non
946 2762 1003 2822 est,
1017 2751 1072 2826 ipsi
1083 2749 1178 2808 tame'n
1192 2754 1317 2810 carmina

247 2840 407 2918 indignatio
423 2854 572 2920 suggeret,
588 2845 681 2920 qualia
694 2845 742 2902 illa
756 2863 878 2918 cumque
888 2843 964 2914 sint,
977 2842 1139 2917 cujusmodi
1149 2844 1316 2902 scribuntur

248 2952 339 3002 ame,
355 2935 400 2990 vel
416 2953 432 2988 a
449 2933 598 2990 Cluvieno.

289 3027 336 3084 dr.
349 3027 499 3108 Quidquid
510 3028 670 3086 moliuntur
679 3028 823 3098 homines,
836 3047 935 3085 eorum
943 3038 1025 3098 rota,
1033 3039 1139 3098 metus,
1149 3028 1206 3102 ira,
1214 3029 1315 3105 volup·

249 3129 332 3191 tates,
341 3122 457 3196 gaudia,
467 3121 875 3198 concursationesacnegotia,
886 3141 921 3178 ex
931 3141 989 3196 quo
999 3133 1128 3198 tempore
1140 3122 1314 3194 Deucalion,

247 3225 415 3289 augescente
424 3213 568 3271 continuis
578 3213 719 3270 imbribus
730 3213 817 3282 mari,
830 3233 916 3288 supra
926 3215 1091 3270 Parnassum
1103 3213 1171 3270 navi
1181 3225 1223 3272 est
1233 3233 1314 3272 evec-

246 3315 308 3375 tus,
316 3315 344 3361 et
354 3306 499 3364 Themidis
510 3307 627 3364 oraculo
637 3307 785 3376 consulto,
795 3307 902 3381 lapides
911 3308 948 3362 ab
957 3325 993 3362 eo
1001 3307 1235 3381 projectisensim
1243 3312 1315 3366 mol·

245 3396 352 3454 lescere
366 3409 527 3474 coeperunt,
545 3411 571 3456 et
586 3401 696 3476 Pyrrha
712 3399 837 3456 ostendit
849 3398 933 3456 nudis
945 3399 1071 3456 maribus
1085 3399 1175 3456 nudas
1190 3401 1314 3474 puellas;

246 3490 305 3546 haec
320 3491 428 3562 omnia,
442 3491 558 3568 inquam
568 3535 576 3563 ,
587 3493 654 3549 hnic
666 3493 764 3549 libello
778 3491 925 3550 materiam
939 3491 1065 3562 dabunt,
1079 3493 1159 3548 nullo
1174 3503 1254 3548 certo
1268 3493 1315 3550 di-

247 3583 379 3640 stinctam
388 3584 506 3656 ordine,
516 3587 638 3661 amplam
650 3596 728 3642 certe
738 3605 770 3642 ac
780 3586 900 3642 uberem
912 3607 918 3640 :
931 3585 1081 3660 ecquando
1092 3585 1168 3640 enirn
1180 3596 1245 3642 aetas
1257 3585 1313 3642 luit

247 3678 398 3738 criminum
411 3679 552 3736 feracior?
563 3678 679 3754 quando
692 3680 785 3754 major
797 3679 922 3736 avaritiae
933 3699 1053 3756 gurges,
1067 3681 1183 3754 quando
1194 3681 1260 3736 alea
1269 3681 1315 3742 in·

245 3773 321 3854 sauia
336 3771 512 3846 pertinacior
529 3783 559 3830 et
574 3771 752 3846 projectior?
768 3774 835 3828 Nou
846 3771 903 3845 jam
921 3772 1037 3830 incertis
1053 3773 1156 3829 tabula
1171 3773 1314 3830 aleatoriae

244 3865 364 3939 jactibus
376 3865 485 3920 lusores
495 3874 644 3938 exponunt
658 3883 821 3936 crumenas,
835 3865 885 3921 sed
900 3874 972 3922 totas
985 3865 1014 3922 in
1028 3864 1128 3922 ludum
1143 3883 1221 3921 arcas
1232 3863 1314 3920 dele-

246 3970 327 4026 rant,
337 3957 441 4032 quibus
452 3956 509 4014 illic
519 3955 633 4026 animis,
644 3959 699 4032 qua
712 3956 896 4013 contentione
907 3968 1047 4014 certantes
1056 3959 1155 4014 videre
1164 3968 1219 4022 est,
1229 3975 1314 4013 servo

245 4052 318 4108 talos
332 4062 360 4108 et
375 4069 521 4122 nurnmos,
535 4069 611 4106 arara
626 4049 672 4107 isti
686 4050 755 4108 ludo
769 4051 886 4121 idonea,
899 4051 1145 4109 subministrante!
1157 4051 1248 4124 Cujus
1258 4051 1314 4108 boo

245 4145 360 4202 tandem
374 4156 402 4202 et
416 4163 502 4220 quam
517 4144 614 4202 vesani
630 4155 673 4202 est
689 4144 811 4214 luroris,
824 4154 937 4201 centurn
956 4145 1085 4201 sestertia
1100 4143 1227 4200 ludendo
1243 4160 1313 4215 per—
