2954 4916
468 388 658 456 stultit
686 389 862 455 PRIMA.
1159 391 1196 458 15

130 504 322 575 Ostendens
337 527 476 573 vacuam
492 517 527 572 et
544 502 686 572 clausam
702 527 765 597 pro
782 503 927 598 conjuge
942 501 1066 572 sellam.

130 614 227 684 Galla
243 639 318 682 mea
334 628 403 700 est,
418 613 549 708 inquit;
567 613 664 682 citius
681 611 815 681 dimitte
830 637 838 682 ε
854 611 1020 682 moraris?
1148 603 1196 677 nt

132 722 252 792 Profer
267 722 363 792 Galla
378 737 490 816 caput.
508 721 589 792 Noli
606 745 744 809 vexare,
759 723 912 816 quiescit.

181 836 259 926 Ipse
275 832 345 902 dies
361 832 506 927 pulchro
522 829 742 926 distinguitur
757 832 878 902 ordine
894 855 1029 900 rerum:

133 942 310 1038 Sportula,
325 941 447 1012 deinde
463 940 575 1010 sorum
588 939 740 1034 jurisque
755 942 883 1036 peritus
900 939 1020 1036 Apollo

134 1055 244 1145 Atque
262 1048 499 1146 triumphales,
517 1051 607 1118 inter
621 1075 704 1145 quas
719 1073 817 1120 susus
833 1049 957 1119 babere

133 1162 259 1231 Nescio
275 1161 352 1254 quis
366 1159 484 1230 titulos
498 1159 677 1254 AEgyptius
693 1173 793 1252 utque
810 1159 1035 1244 Arabarches,
1152 1168 1200 1222 130

135 1271 238 1340 Cuius
253 1269 297 1338 ad
312 1269 462 1365 effigiem
477 1293 548 1338 non
564 1283 695 1336 tuntum
710 1267 837 1338 meiere
854 1268 903 1339 fus
919 1283 979 1338 est.

135 1376 321 1448 Vestibulis
336 1379 462 1448 abeunt
475 1393 606 1448 veteres
621 1376 762 1470 lassique
778 1378 931 1464 clientes,

134 1492 290 1583 Votaque
307 1489 498 1584 deponunt,
514 1511 716 1584 quamquam
733 1489 924 1584 longissima
939 1509 1042 1558 ooenae

134 1602 218 1694 Spes
233 1599 385 1668 bomini:
402 1598 512 1670 caules
528 1599 659 1669 miseris
674 1612 774 1692 atque
791 1597 877 1693 ignis
893 1596 1065 1668 emendus.

181 1711 322 1804 Optima
337 1709 504 1805 sylvarum
519 1710 648 1778 interea
663 1702 841 1803 pelagique
856 1709 988 1778 vorabit
1155 1715 1202 1770 13⁵

19 1843 23 1900 ζ
136 1821 208 1888 Rex
223 1821 365 1907 borum,
380 1820 559 1915 vacuisque
576 1819 657 1887 toris
674 1832 804 1886 tantum
821 1818 891 1911 ipse
905 1815 1039 1910 jacebit.

136 1931 223 2000 Nam
239 1929 282 1998 de
299 1945 350 1998 tot
365 1929 517 2025 pulchris
533 1946 568 2000 et
583 1927 656 1998 lutis
672 1927 811 1997 orbibus
827 1941 944 1995 ettam

137 2040 310 2132 Antiquis,
325 2061 394 2108 una
410 2040 592 2109 comedunt
608 2039 807 2133 patrimonia
820 2057 946 2108 mensa.

137 2278 200 2336 dari
213 2289 293 2355 penu
306 2280 417 2340 absenti
430 2282 519 2338 uxori
536 2301 609 2354 sun,
629 2301 715 2358 qaum
732 2301 791 2340 esse
806 2280 891 2358 fingit
905 2283 937 2340 in
955 2301 1044 2340 vacua
1061 2281 1161 2338 lectica
1176 2292 1206 2340 et

136 2373 240 2430 clausa.
254 2395 267 2422 ι
277 2372 345 2441 Hic,
356 2371 464 2446 inquit,
478 2375 795 2445 caticuminorum
805 2385 1042 2448 ormnepaters,
1053 2384 1085 2430 ut
1097 2373 1205 2430 diutius

138 2473 292 2538 exspectet.
315 2462 395 2532 Quid
415 2463 665 2540 nominantem,
688 2477 717 2522 et
730 2464 889 2536 sportulam
905 2463 1046 2522 cunctaris
1062 2463 1151 2524 dure?
1166 2495 1206 2508 -

137 2556 226 2610 Juvat
235 2554 313 2608 illam
323 2552 413 2626 ipsam
427 2552 552 2622 intueri,
562 2552 658 2627 inquit
669 2553 805 2627 sportulis
814 2552 1011 2628 dispensatum
1028 2573 1095 2630 age,
1110 2554 1206 2626 Galla,

138 2645 211 2702 effer
223 2655 336 2717 eapute
350 2643 463 2712 lectica,
478 2642 502 2704 si
518 2659 587 2700 rere
599 2642 646 2699 nic
664 2643 739 2708 adet.
751 2673 791 2686 ·-··
805 2644 873 2702 Noli
889 2657 950 2705 tam
965 2645 1133 2716 mamare,
1148 2663 1207 2702 mn-

138 2737 212 2794 ritus
226 2733 401 2808 responden
418 2751 492 2809 signu
506 2745 563 2804 est,
579 2753 612 2792 ue
625 2733 756 2810 indulget
769 2751 905 2797 somno.»

182 2845 246 2898 1²7·
268 2829 480 2902 Prosequumur
493 2837 600 2886 ceteras
614 2825 672 2888 diet
685 2829 886 2902 occupationes
899 2828 1035 2904 egregias.
1050 2830 1118 2888 Post
1129 2847 1207 2889 moo-

138 2933 217 2996 ptruu
232 2941 250 2977 a
261 2920 352 2978 divite
361 2931 486 2995 patrono
499 2922 674 2996 sportulam,
690 2937 756 2978 euin
769 2931 944 2978 assectantur
958 2936 1049 2995 usqne
1064 2921 1097 2978 in
1111 2921 1209 2978 iorum

139 3013 280 3089 Augusti,
294 3011 345 3070 ubi
358 3012 479 3070 celebris
491 3011 540 3069 illa
551 3012 654 3071 visitur
667 3012 811 3086 Apollinis
825 3023 931 3082 sutas,
946 3012 997 3086 qui
1009 3012 1167 3072 causidicos
1180 3022 1210 3068 et

139 3107 202 3164 lites
214 3105 346 3182 quotidie
359 3105 455 3178 audit,
470 3117 498 3168 et
512 3105 573 3165 atis
583 3107 747 3180 complures
760 3105 867 3166 ducum
879 3115 908 3162 et
918 3104 1142 3184 imperatorum,
1158 3105 1210 3179 qui

140 3195 282 3272 triumphi
295 3197 437 3254 honorem
451 3195 549 3271 adepti
561 3207 646 3266 suut,
666 3196 742 3252 inter
762 3207 833 3270 quus
848 3194 945 3254 nescio
961 3195 1025 3268 quis
1040 3195 1208 3271 AEpyptitu,

137 3301 189 3346 aut
196 3290 327 3348 trabum
337 3289 551 3363 princeps,nou
559 3288 702 3346 dubitavit
710 3304 790 3346 susm
798 3302 909 3363 ponere
916 3285 1074 3362 magnificis
1083 3287 1210 3346 titulisst

139 3381 377 3458 inscriptionibus
392 3381 572 3457 insignium,
587 3380 669 3454 jsxta
683 3399 770 3455 qnam
783 3381 898 3438 urinum
913 3377 1035 3438 reddere
1050 3378 1134 3436 etium
1150 3397 1211 3440 non

140 3474 259 3548 impune
269 3475 344 3534 licet.
355 3475 455 3533 Postea
465 3473 587 3534 redeunt
596 3474 715 3536 tomum
724 3471 836 3546 antiqui
845 3471 975 3542 clientes,
986 3471 1151 3530 cursitando
1162 3473 1211 3532 de-

140 3567 271 3642 litigsti,
293 3577 323 3622 et
340 3575 500 3640 exspectata
518 3566 569 3624 diu
584 3567 764 3639 multumque
779 3581 858 3620 coena
873 3563 1057 3634 liberaliore3
1075 3564 1214 3638 demun,

141 3657 273 3718 irruunti
280 3658 338 3716 suis
344 3657 420 3720 votis
429 3669 458 3718 st
465 3659 691 3733 cumulatione,
700 3657 861 3714 discedunt.
870 3656 1032 3725 omiseras,
1043 3675 1062 3713 o
1069 3655 1152 3714 lslsas
1160 3660 1213 3715 ho-

142 3750 254 3808 minum
265 3753 343 3826 spesi
359 3751 459 3810 Cautes
473 3768 566 3810 cauare
577 3761 736 3827 coquntur,
749 3761 778 3808 et
788 3749 865 3826 tigna
878 3750 983 3824 quibus
996 3751 1061 3807 illos
1077 3760 1211 3826 coquunt.

185 3843 251 3900 135.
272 3841 393 3902 interim
412 3841 529 3906 illorum
548 3855 686 3918 patronus
703 3842 893 3936 irigurgittbit
904 3856 935 3900 se
950 3843 1108 3900 lectissimis
1125 3843 1211 3910 cibis,

142 3953 217 4010 quos
228 3936 330 4011 sylvis,
346 3954 420 4010 quos
430 3935 518 3994 muria
529 3937 772 4012 suppeditabunt,
787 3948 816 3994 et
829 3937 860 3992 in
873 3945 940 3992 toro
952 3937 1030 3992 solus
1041 3935 1211 4004 nccmnlaet3

140 4028 198 4102 jam
217 4028 295 4088 euim
312 4027 369 4086 illis
385 4028 523 4087 divitibus
536 4049 598 4086 mos
618 4035 761 4087 estunam
775 4028 918 4088 instruere
933 4047 1059 4086 mensam
1074 4027 1152 4082 inter
1169 4038 1213 4084 tot

141 4121 249 4195 amplus
268 4131 297 4177 et
310 4119 449 4196 pretiosus
463 4139 496 4178 ac
516 4120 612 4196 priseo
629 4122 787 4180 ehborntn
801 4137 889 4197 opere
903 4139 1029 4190 nonus,
1045 4137 1115 4194 quas
1130 4119 1212 4178 dorni
