2954 4916
23 307 27 340 l

23 409 24 428 .
135 409 1189 447 W

272 661 518 752 onusto
566 659 644 745 or
688 657 1084 788 ARGUMENTA
1196 639 1199 642 ’

499 895 648 936 SBXDBCII
667 896 840 934 ΜΤῙΙΔΙἩΙ

324 1087 519 1156 DECIMI
544 1086 691 1158 lUNII
715 1084 1015 1156 JUVENALIS.

553 1319 783 1342 mm

131 1589 311 1695 Junrsnrs
322 1634 423 1694 Satira
438 1635 584 1694 sexdecim
593 1637 626 1694 iu
638 1636 738 1694 multis
752 1560 918 1706 codicibus:
931 1645 991 1695 trru
1002 1633 1117 1712 scriptis
1126 1653 1213 1711 quam

131 1726 516 1800 editionem-canusini,
531 1748 581 1806 19,
599 1728 653 1800 26,
669 1727 722 1799 45,
736 1730 788 1799 46,
806 1726 930 1804 49,55,
948 1725 1002 1804 59,
1018 1747 1068 1800 70,
1088 1736 1141 1801 74,
1159 1725 1212 1800 75,

23 1859 24 1870 .
131 1818 346 1878 distribuuntur
361 1819 393 1876 in
409 1820 540 1897 quinque
553 1820 663 1891 libros,
678 1839 804 1895 quorum
816 1819 932 1896 primus
945 1819 1074 1894 quinque
1088 1819 1211 1896 priores,

130 1911 271 1970 secundus
281 1923 408 1985 sertem,
422 1913 526 1972 tertius
534 1914 607 1984 Vll,
619 1915 690 1970 VIII
702 1955 711 1984 ,
721 1924 751 1970 et
763 1915 827 1984 1X3
844 1914 1014 1988 quertusX,
1027 1914 1209 1986 x1,etx11;

131 2003 251 2078 quintus
261 2015 320 2062 tres
328 2004 443 2062 ultimos
452 2005 666 2080 complectitur.
680 2006 719 2064 lli
728 2005 796 2064 libri
806 2006 962 2064 laudantur
970 2003 1028 2078 jem
1036 2025 1054 2062 a
1065 2006 1210 2064 Priscisno

130 2106 158 2156 et
168 2117 185 2154 r
197 2107 260 2154 vet.
270 2099 367 2164 Schol.
382 2099 420 2156 ed
434 2100 495 2158 Set.
508 2101 568 2171 111,
581 2107 649 2168 oio.
669 2099 745 2158 Hinc
755 2099 928 2158 divisionem
938 2099 1012 2156 hauc
1023 2080 1131 2156 invitus
1140 2098 1211 2156 reti-

23 2199 25 2206 ’
129 2191 196 2261 uui,
215 2191 270 2250 etsi
284 2210 388 2266 perum
402 2203 470 2270 spu
483 2203 525 2252 est
546 2191 630 2270 (nrm
645 2193 779 2269 plerique
793 2192 864 2250 libri
878 2211 940 2255 uon
953 2192 1008 2250 nisi
1021 2203 1080 2250 tres
1092 2193 1208 2262 satiras,

130 2295 159 2342 et
175 2285 321 2352 secundus
337 2287 411 2344 sdeo
430 2306 518 2344 uuum
533 2285 825 2364 tartaricorum),
842 2296 871 2342 et
883 2285 975 2362 magis
989 2285 1027 2344 ud
1042 2287 1209 2362 eclogarum

130 2377 359 2455 longitudinem,
373 2395 461 2454 quem
471 2389 677 2455 argumentum
688 2377 918 2436 accommodato.

165 2473 211 2530 De
227 2471 345 2541 ordine,
358 2490 418 2545 quo
429 2473 520 2548 vulgo
531 2471 625 2526 setis-ee
633 2468 782 2528 luvenalis
791 2471 977 2526 collocantur
987 2467 1018 2525 iu
1031 2467 1130 2536 libris,
1147 2467 1209 2524 haec

131 2561 287 2638 disputavit
300 2561 449 2620 Heinrich.
468 2561 501 2618 iu
516 2579 571 2620 see.
588 2570 743 2618 comment
756 2579 821 2637 pag.
832 2561 850 2618 8
860 2583 866 2617 :
878 2555 893 2610 «ι’
900 2561 1072 2617 iuvenalem
1084 2559 1209 2632 Satires,

23 2649 25 2658 '
130 2671 198 2728 ques
214 2653 355 2730 legimus,
373 2653 494 2712 diversis
514 2653 694 2729 temporibus
711 2652 874 2727 scripsisse,
896 2663 1008 2726 partem
1028 2651 1082 2708 sub
1105 2650 1209 2706 Domi-

130 2745 206 2804 tiano
221 2745 421 2822 compositam,
434 2745 503 2804 clius
513 2746 568 2803 sub
579 2746 713 2820 Trojano,
727 2743 869 2819 quasdam
880 2744 935 2801 sub
946 2743 1097 2802 Hadriano
1109 2743 1208 2814 luctas,

128 2838 176 2896 sed
189 2857 292 2896 omnes
305 2837 446 2896 Hadriani
458 2848 542 2894 utrte
556 2837 689 2894 recitatus
705 2846 735 2894 et
750 2835 927 2911 publicetur,
943 2835 975 2893 id
989 2835 1132 2908 veroium
1144 2835 1211 2911 pri·-

129 2928 192 2988 dem
208 2929 421 2986 demonstravit
436 2928 591 2988 Salmasius
606 2927 685 3006 (vide
699 2929 773 2986 Plin.
787 2926 956 2985 Exercitntt.
974 2945 1040 3003 pag.
1058 2927 1130 2998 321,
1149 2927 1207 3004 C.),

129 3017 157 3075 iu
171 3039 234 3096 quo
248 3019 321 3095 quid
333 3019 540 3097 corrigendum
554 3021 659 3077 hebent
671 3019 848 3076 listidiosior
862 3019 1000 3089 Celticus,
1015 3020 1106 3076 fleur.
1124 3018 1208 3074 Dod-

130 3111 249 3182 wellus,
264 3113 368 3170 Auunl.
381 3111 505 3183 Quintil.
518 3116 596 3184 ς4ο,
606 3112 652 3170 ed.
665 3115 761 3171 Oxou.
775 3130 839 3190 pag.
855 3111 910 3168 162
919 3152 928 3183 ,
938 3111 1039 3168 videre
1051 3130 1111 3167 nou
1124 3110 1207 3167 facile

131 3213 183 3275 est,
196 3223 290 3278 quum
306 3203 367 3280 ipse
383 3204 457 3262 nihil
472 3203 553 3262 aliud
569 3204 655 3261 dicet.
673 3205 768 3263 Satira
783 3205 909 3263 secunde
921 3223 1012 3279 quum
1024 3214 1086 3260 tote
1101 3203 1208 3261 referet

130 3301 279 3371 tempore,
289 3295 364 3367 sive,
380 3307 413 3354 ut
423 3314 502 3353 novo
517 3296 609 3354 modo
619 3297 778 3372 loquimur,
794 3297 914 3374 genium
929 3296 1024 3352 saeculi
1033 3295 1207 3367 Domitiani,

130 3393 190 3442 tum
205 3395 259 3444 aut
272 3387 380 3462 scriptu
391 3398 434 3446 est
444 3386 539 3444 adbuc
552 3388 708 3464 imperium
723 3401 840 3448 tenente
854 3388 1036 3460 Domitiano,
1053 3399 1082 3446 et
1096 3390 1206 3448 interea
1285 3424 1290 3439 ·

129 3477 243 3556 scriniis
254 3489 380 3551 retentu
394 3491 444 3536 uut
452 3480 549 3536 statim
559 3492 626 3555 post
637 3482 743 3540 caedem
754 3482 933 3559 tyrannizat
945 3493 1055 3541 certum
1064 3482 1206 3554 videatur,

130 3569 306 3642 Satirarum,
328 3591 398 3648 quas
413 3573 531 3649 quidem
551 3574 645 3632 edidit
663 3576 827 3646 luvenalis,
849 3593 912 3632 eam
934 3586 1065 3650 ternpore
1082 3575 1206 3650 primum

129 3665 259 3720 omnium
271 3683 331 3722 csse
342 3666 517 3723 habendam.
533 3669 620 3725 Certe
631 3668 717 3725 etium
729 3679 832 3744 quarta
846 3679 914 3744 post
924 3668 1030 3743 scriptu
1038 3678 1100 3740 cst,
1111 3689 1207 3744 queu-

129 3773 213 3830 qurm
225 3757 355 3815 secundo
371 3759 408 3814 sb
423 3759 473 3814 ille
486 3760 553 3817 loco
571 3760 707 3836 ponende
712 3803 722 3832 ,
738 3761 764 3816 si
779 3759 940 3818 Satirarum
958 3771 1088 3835 tempore
1101 3778 1206 3817 nume-

130 3859 242 3906 renuit.

166 3941 258 3999 Aliud
269 3942 328 4000 hoc
342 3954 399 4014 est,
419 3961 505 4018 quam
521 3943 546 4000 si
564 3945 714 4021 vulgarem
731 3943 866 4002 ordinem
882 3943 954 4002 velis
967 3953 1119 4000 mutatum.
1140 3944 1202 3997 Jnrn

129 4030 179 4087 diu
197 4034 386 4093 vehementer
400 4045 443 4094 est
460 4037 643 4107 laboratum,
662 4047 696 4093 ut
710 4037 800 4094 thecae
812 4037 984 4104 mariue,
1000 4036 1098 4110 quales
1110 4043 1203 4090 essent

128 4123 205 4198 apud
226 4135 357 4197 veteres,
378 4139 407 4185 et
429 4127 572 4186 librorum
600 4141 786 4202 ornamenta,
813 4148 936 4198 cornua,
960 4125 1108 4196 umbilici,
1133 4126 1202 4182 reli-
