2954 4916
491 451 679 517 sirmi
706 448 881 515 rnrnn.
1198 467 1219 532 9

157 565 323 638 Causidici
340 589 428 635 nova
443 591 547 660 quum
562 567 675 636 veniat
689 565 810 636 lectica
825 563 1015 653 Mathonis,

157 677 269 746 Plena·
278 675 374 772 ipso?
388 692 463 772 post
479 677 572 748 hunc
587 677 699 773 magni
716 675 845 746 delator
860 677 976 762 amici,

158 789 202 856 Et
217 787 285 856 cito
302 801 458 881 rapturus
473 787 515 856 de
531 786 703 856 nobilitate
719 811 868 872 comesa,

156 896 433 992 Quodsuperest,
446 923 546 991 quern
554 899 890 992 Massatimet‚quem
899 919 1038 964 munere
1046 892 1159 990 palpat
1188 907 1221 960 35

157 1007 280 1090 carus,
297 1020 332 1074 et
346 1031 365 1073 a
381 1007 513 1101 trepido
529 1005 690 1102 Thymele
706 1006 868 1074 submissa
882 1001 1027 1072 Latino?

156 1115 271 1203 Quum
288 1131 321 1184 te
336 1117 573 1202 submoveant,
590 1117 647 1211 qui
663 1131 862 1185 testamenta
878 1127 1052 1182 merentur

156 1225 341 1312 Noctibus,
359 1226 393 1294 in
411 1225 532 1296 coelum
548 1250 633 1321 quos
649 1225 762 1294 evehit
777 1224 907 1319 optime
923 1223 1044 1292 summi

157 1335 259 1402 Nunc
275 1334 329 1402 via
343 1359 535 1429 processus,
552 1334 672 1405 vetulae
689 1336 801 1404 vesica
817 1332 944 1404 beatae?

157 1441 335 1512 Unciolam
352 1445 549 1516 Proculeius
564 1445 685 1532 habet,
702 1445 759 1514 sed
775 1445 866 1515 Gillo
883 1447 1066 1528 deuncem,
1188 1462 1222 1520 so

157 1551 272 1622 Partes
288 1555 430 1648 quisque
445 1579 536 1640 suas,
553 1557 594 1624 ad
611 1579 800 1624 mensuram
819 1555 967 1650 inguinis
983 1553 1090 1622 heres.

155 1661 309 1755 Accipiat
324 1685 402 1730 sane
417 1663 606 1731 mercedem
622 1665 811 1756 sanguinis,
828 1679 863 1732 et
878 1663 925 1732 sic

156 1771 299 1858 Palleat,
315 1789 353 1841 ut
369 1773 469 1842 nudis
485 1775 607 1869 pressit
621 1775 679 1868 qui
696 1775 841 1844 calcibus
855 1798 1021 1868 anguem,

156 1881 225 1949 Aut
239 1881 501 1975 Lugdunensem
519 1883 637 1951 rhetor
652 1883 806 1950 dicturus
822 1881 863 1948 ad
879 1905 980 1948 aram.

204 1990 299 2078 Quid
316 1989 474 2077 reseram,
490 2005 616 2085 quanta
631 1991 759 2060 siccum
771 1990 870 2082 jecur
885 1988 1000 2058 ardeat
1016 1989 1082 2074 ira,
1187 2001 1221 2065 ⁴⁵

156 2099 271 2188 Quum
287 2098 450 2194 populum
467 2098 627 2194 gregibus
644 2099 803 2168 comitum
820 2098 943 2193 premit
958 2098 1014 2168 hic
1029 2095 1187 2193 spoliator

157 2207 283 2303 Pupilli
298 2207 502 2302 prostantis?
517 2223 553 2276 et
566 2207 625 2276 hic
641 2207 816 2296 damnatus
833 2206 923 2275 inani

156 2413 253 2484 animo
266 2445 349 2502 equo
363 2427 456 2484 ferat?
476 2426 540 2503 quis
560 2437 618 2484 tam
631 2429 724 2486 omnis
741 2445 838 2488 sensus
856 2445 973 2504 expers,
993 2437 1027 2482 ut
1040 2426 1145 2501 stylum
1161 2441 1222 2480 non

157 2517 306 2592 expediat,
320 2539 410 2596 quum
421 2521 587 2578 Mathonem
600 2523 781 2580 Causidicum
792 2523 885 2580 cernit
897 2523 927 2578 in
943 2520 1064 2596 eleganti
1075 2530 1103 2576 et
1115 2518 1223 2575 recenti

156 2611 257 2668 lectica
271 2614 445 2686 procedere,
469 2615 508 2670 ita
530 2617 649 2673 obesum
669 2627 698 2674 et
713 2615 810 2693 sagino
824 2615 994 2682 distentum,
1016 2621 1049 2670 ut
1069 2629 1130 2668 eam
1146 2612 1223 2668 solus

156 2702 294 2776 impleut?
305 2725 395 2780 quum
407 2707 494 2780 paulo
508 2717 576 2780 post
589 2707 686 2765 subire
698 2709 779 2765 ridet
794 2707 934 2764 fumosum
953 2704 1035 2762 illum
1049 2704 1222 2770 delatorem,

158 2794 209 2868 qui
228 2813 281 2851 suo
298 2797 404 2866 emico,
425 2797 490 2854 viro
510 2799 684 2871 clarissimo,
710 2801 830 2860 exitium
846 2811 889 2856 est
908 2796 1098 2860 machinam
1116 2794 1224 2868 quique

157 2885 240 2943 brevi
259 2887 382 2962 reliquas
400 2889 542 2946 nobilium
563 2911 580 2947 a
599 2910 629 2948 se
647 2893 836 2966 spoliatorum
856 2889 971 2948 exuvias
988 2887 1120 2962 diripiet,
1137 2904 1224 2960 quem

158 2979 269 3036 sebius
282 2983 374 3038 Messa
385 2981 537 3052 formidem
551 3003 636 3058 quem
651 2983 772 3040 delinire
786 2983 953 3041 muneribus
966 2979 1057 3036 missis
1070 2988 1160 3034 tentat
1174 2979 1225 3032 Ca·

160 3091 223 3144 rus;
235 3075 272 3131 ed
283 3093 368 3150 quem
379 3077 550 3151 placandum
561 3077 677 3134 Latinus
689 3075 744 3134 sibi
754 3079 827 3134 mele
839 3087 969 3133 metuens
977 3091 1057 3132 suum
1068 3071 1226 3144 Thymelen

161 3166 231 3222 clam
247 3166 367 3241 allegat?
385 3185 474 3240 quum
496 3177 525 3223 te
537 3167 613 3240 justu
632 3167 792 3224 hereditate
809 3168 971 3242 depellunt,
991 3163 1042 3239 qui
1060 3171 1225 3218 testamento

159 3258 357 3334 adipiscuntur
370 3259 506 3316 nocturni
524 3259 616 3316 coitus
631 3260 745 3330 labore3
768 3280 841 3336 quos
860 3259 896 3316 sd
911 3259 1013 3316 coelum
1028 3255 1124 3312 evehit
1136 3254 1225 3326 illud,

161 3351 240 3425 quod
261 3369 338 3407 nnnc
359 3363 402 3408 est
421 3351 530 3426 optimu
549 3361 578 3406 et
600 3351 765 3408 brevissima
783 3351 831 3407 ris
850 3351 887 3408 ud
905 3367 1043 3407 summam
1062 3348 1225 3417 fortunam,

160 3461 263 3518 nempe
273 3463 380 3518 procu
395 3455 424 3501 et
435 3443 526 3519 turpis
537 3444 627 3501 ardor
636 3444 755 3499 aniculae
767 3442 883 3500 divitis?
895 3445 1051 3516 stuprator
1061 3440 1226 3498 Proculeius

160 3536 246 3591 babet
256 3535 454 3594 duodecimam
466 3535 632 3594 hereditatis
643 3545 768 3610 purtem3
779 3535 830 3592 sed
839 3533 1022 3592 libidinosior
1033 3534 1111 3590 Gillo
1123 3545 1227 3591 etmer-

160 3626 259 3682 rosior
271 3626 405 3683 undecim
419 3628 543 3702 reliques
555 3627 705 3703 portiones
717 3625 844 3696 obtinct3
864 3626 984 3702 quisque
1001 3625 1075 3682 euim
1097 3625 1178 3680 venit
1195 3625 1227 3680 iu

160 3729 270 3792 purtem
284 3719 457 3776 hereditatis
471 3721 508 3777 ad
522 3737 685 3776 mensuram
696 3730 726 3774 et
736 3717 796 3774 rim
810 3717 855 3774 sui
869 3717 1013 3794 inguinis:
1030 3715 1148 3790 accipiat
1160 3733 1227 3772 sene

160 3807 286 3882 pretium
301 3808 460 3884 sanguinis,
475 3829 535 3885 quo
549 3811 687 3867 exbuusto
703 3808 753 3866 liet
766 3809 904 3884 pallidus,
922 3821 955 3865 ut
970 3809 1020 3884 qui
1038 3807 1158 3864 calcarit
1172 3825 1226 3861 an-

162 3916 247 3974 guem
262 3899 336 3974 pede
351 3900 446 3971 nudo,
463 3913 513 3958 rut
526 3913 559 3958 ut
573 3903 674 3959 rhetor
687 3901 817 3958 dicturus
830 3900 867 3957 sd
881 3919 958 3958 aram
974 3899 1116 3976 Lugduni.

203 3989 249 4058 45.
265 3992 345 4062 Quid
358 3993 466 4065 dimin,
482 4006 588 4070 quanta
605 4006 720 4052 aestuem
736 3993 899 4062 iracundia;
913 4011 998 4066 quarn
1014 3991 1139 4066 graviter
1155 3987 1227 4044 mihi

162 4083 249 4140 bilem
261 4096 289 4140 et
299 4088 476 4144 stomachum
489 4099 603 4145 moreat
614 4087 662 4144 bie
673 4097 772 4156 tutor,
783 4087 833 4162 qni
844 4086 985 4161 pupillum
996 4081 1119 4140 fortunis
1131 4082 1225 4151 exuit,

163 4193 285 4252 eumque
293 4181 421 4238 venalem
435 4181 465 4238 in
477 4181 542 4240 l'oro
554 4192 683 4256 prostare
695 4180 803 4258 coegit,
814 4181 881 4236 dum
894 4179 953 4254 ipse
968 4195 1069 4252 mogun
1080 4175 1226 4234 clientium
