2954 4916
476 443 664 508 status
693 441 867 507 PRIMA.

138 561 217 655 Ipse
233 557 409 630 lacemata
424 581 529 654 quum
546 583 581 626 se
594 558 736 651 jactaret
750 560 876 628 amica.

139 671 265 740 Nonne
280 668 364 738 libet
379 669 491 738 medio
507 691 599 738 ceras
615 667 754 763 impiere
771 691 909 764 capaces

138 778 341 867 Quadrivio‚
358 804 463 874 quum
479 780 548 872 jam
563 793 655 848 sexta
670 780 800 848 cervice
817 779 961 864 feratur,

139 891 230 960 Hinc
245 906 344 984 atque
361 891 441 960 inde
457 906 592 985 patens,
607 915 646 960 ac
663 890 754 960 nuda
769 915 864 985 paene
881 887 1056 971 cathedra,
1173 899 1205 955 st

139 1003 184 1068 Et
199 997 343 1068 multum
360 1000 509 1070 referens
526 999 568 1068 de
585 1001 772 1070 Maecenate
787 1000 929 1095 supino,

139 1109 297 1204 Signator
313 1109 411 1194 falso,
427 1111 486 1205 qui
501 1135 537 1180 se
553 1109 680 1180 laumm
697 1123 797 1202 atque
814 1110 948 1178 beatum

140 1219 277 1312 Exiguis
294 1218 413 1288 tabulis
429 1235 464 1289 et
480 1245 612 1314 gemma
627 1219 754 1288 lecerat
768 1217 858 1287 udal

141 1329 300 1397 Occurrit
315 1345 467 1400 matrona
483 1347 621 1426 potens,
638 1353 729 1423 quae,
746 1328 847 1398 molle
863 1327 1025 1398 Calenum

142 1437 361 1523 Porrectura,
376 1441 449 1508 viro
466 1441 586 1510 miscet
601 1439 733 1513 sitiente
750 1439 921 1523 rubetam,
1176 1469 1209 1520 7⁰

141 1547 361 1641 Instituitque
378 1549 478 1618 rudes
494 1549 615 1618 melior
630 1551 776 1620 Locusta
791 1550 1012 1645 propinquas,

142 1656 207 1724 Per
223 1655 345 1724 lamam
362 1673 397 1728 et
412 1659 576 1754 populum
593 1661 709 1755 nigros
724 1659 846 1730 efferre
863 1661 1010 1729 maritos.

189 1767 287 1836 Audc
303 1767 429 1862 aliquid
444 1771 603 1839 brevibus
618 1771 741 1866 Gyaris
757 1786 792 1839 et
808 1795 943 1841 carcere
960 1767 1120 1864 dignum,

142 1877 177 1945 Si
196 1878 247 1944 vis
262 1901 333 1946 esse
349 1878 469 1972 aliquia
487 1907 495 1948 ι
513 1880 664 1974 probitas¹
679 1881 849 1966 laudatur,
866 1895 901 1948 et
916 1879 1015 1973 alget.

142 1985 348 2054 Criminibus
364 1986 489 2056 debent
504 1988 639 2071 hortos,
657 1991 833 2082 praetoria,
851 2011 998 2073 mensas,
1180 1999 1212 2070 75

142 2097 330 2189 Argentum
346 2109 461 2182 vetuo,
477 2111 513 2164 et
527 2109 670 2164 stantem
687 2112 779 2164 extra
795 2096 917 2192 pocula
933 2119 1082 2191 caprum.

143 2335 311 2412 agitaverit,
323 2347 357 2393 ut
367 2337 438 2394 olim
450 2334 634 2396 Automedon
645 2335 789 2392 Achilleos
798 2355 889 2410 equos
899 2337 1032 2413 regebat,
1042 2335 1112 2391 dum
1121 2353 1151 2390 se
1162 2334 1216 2390 im-

142 2439 262 2502 perator
273 2437 429 2484 ostentaret
442 2447 495 2484 suo
507 2427 613 2484 amasio
623 2427 738 2483 virilem
746 2437 854 2483 vestem
866 2428 985 2498 induto,
999 2447 1085 2502 quem
1094 2426 1216 2482 vocabat

143 2518 270 2573 amicam
289 2519 479 2574 lucernulam.
501 2519 575 2588 Quis
589 2537 650 2576 non
666 2518 768 2594 gestiat
784 2518 885 2575 mediis
901 2519 930 2573 in
948 2519 1081 2591 compitis
1097 2535 1214 2574 exerere

144 2611 300 2682 orbatum,
313 2621 343 2668 et
353 2611 405 2683 iis,
419 2629 483 2686 quc
496 2631 526 2669 se
540 2611 680 2681 offerunt,
694 2611 808 2688 flagitiis
821 2608 912 2669 libroi
924 2613 1053 2688 ingentes
1065 2611 1216 2682 resarcire,

143 2723 234 2778 quum
245 2706 335 2761 bomo
347 2704 541 2782 turpissimus,
556 2717 585 2762 et
599 2703 629 2762 iu
644 2705 830 2781 obsignandis
841 2705 911 2761 falso
922 2704 1097 2760 testamentis
1109 2703 1217 2760 exerci-

144 2799 232 2866 tatus,
253 2796 306 2872 qui
322 2793 507 2870 subjiciendis
529 2797 679 2855 inlocum
699 2815 833 2854 verarum
853 2805 882 2852 et
906 2795 1040 2852 notandis
1060 2795 1217 2852 madefacta

144 2886 244 2942 annuli
258 2905 370 2962 gemma
388 2887 493 2944 tabulis
508 2887 692 2959 adulterinis,
711 2890 803 2946 lautars
822 2907 854 2945 ac
871 2888 951 2944 dives
969 2889 1070 2959 evasit,
1082 2885 1139 2960 jam
1156 2905 1218 2961 ges-

144 2987 223 3034 tetur
235 2978 367 3034 sublimis
375 2979 406 3034 in
417 2980 516 3036 lectica
529 2999 679 3036 servorum
691 2999 740 3036 sex
754 2979 880 3036 humeris
891 2977 1038 3052 imposita,
1050 2989 1078 3034 et
1088 2978 1125 3033 ab
1137 2987 1218 3033 ntro-

145 3089 202 3146 que
223 3071 314 3128 latere
335 3081 451 3146 aperta,
474 3071 535 3147 ipse
555 3073 587 3128 iu
602 3091 633 3129 ea
651 3081 802 3147 porrectus
818 3089 851 3126 ac
871 3071 1005 3145 supinus,
1023 3069 1061 3126 ad
1077 3087 1142 3124 eum
1158 3067 1218 3124 lere

145 3163 283 3232 modum,
297 3181 356 3238 quo
369 3166 508 3222 Maenas
519 3165 687 3222 deliciarum
698 3165 807 3221 arbiter
818 3164 961 3221 amantior
974 3162 1078 3240 gestari
1089 3161 1217 3218 solebat?

146 3255 190 3312 un
204 3255 318 3312 occurit
329 3255 436 3314 nobilis
449 3257 567 3328 mulier,
582 3277 646 3334 qua
662 3256 732 3312 dum
746 3256 842 3312 mariti
857 3256 934 3312 sitim
948 3255 1018 3310 vino
1033 3255 1140 3310 Caleno
1154 3271 1217 3309 res·

145 3349 278 3424 tinguere
297 3357 397 3423 parat,
410 3349 519 3406 rubetae
533 3349 613 3406 virus
626 3350 747 3424 poculo,
764 3351 845 3424 qnod
858 3349 901 3405 illi
915 3347 1053 3424 porrigit,
1066 3348 1218 3419 admiscet,

148 3451 339 3518 cognatasque
351 3461 430 3512 suas,
444 3442 575 3499 nondum
588 3441 669 3498 iatius
681 3461 782 3517 guam
793 3443 878 3512 artis,
892 3441 953 3517 ipsa
964 3443 1051 3520 louge
1060 3441 1151 3498 veteri
1162 3441 1219 3497 Lo·

148 3545 226 3589 custa
238 3534 362 3608 peritior
373 3576 382 3606 ‚
393 3535 480 3591 docet
492 3533 735 3610 quemadmodum
749 3555 815 3592 suos
829 3535 908 3592 viros
920 3536 1014 3593 adbuc
1027 3536 1130 3592 veneni
1141 3535 1218 3591 notis

149 3625 267 3697 lividos,
282 3628 457 3704 contemptis
471 3627 574 3704 popsali
588 3629 741 3703 spectantis
754 3639 783 3686 et
796 3629 972 3707 indignantis
987 3631 1169 3704 trimeribus,
1181 3629 1219 3685 ad

150 3734 253 3795 rogum
267 3715 368 3777 ellerri
377 3720 508 3794 jubeant.

190 3811 237 3881 73.
252 3811 544 3890 Sivisinaliquoesse
554 3812 769 3870 interbominee
778 3815 874 3891 pretio
884 3833 916 3872 ac
925 3833 1067 3885 numero,
1081 3814 1111 3870 id
1122 3827 1220 3868 conse-

153 3907 246 3978 queris
260 3905 370 3983 insigni
384 3907 510 3981 quodam
525 3918 554 3965 et
569 3907 709 3982 palmaria
723 3910 845 3980 scelere;
862 3909 971 3983 aliquid
986 3917 1103 3983 oportet
1119 3903 1219 3961 exsilio

152 3994 270 4072 dignum
283 4008 312 4054 et
325 4017 439 4056 carcere
447 3999 584 4056 moliaris.
601 4000 930 4076 laudanturuiriprnbi
936 4041 944 4070 ,
956 4009 1089 4071 etegent.
1102 3996 1219 4050 Floreat

151 4085 292 4162 improbi,
308 4101 338 4147 et
348 4091 406 4148 suis
418 4093 572 4149 sceleribus
583 4102 712 4167 acceptas
724 4091 821 4149 lerunt
835 4092 930 4160 villas,
944 4089 1017 4146 aedes
1032 4090 1061 4144 in
1072 4085 1145 4144 urbe
1159 4105 1221 4142 rna-

154 4182 400 4257 guiumarum
407 4185 713 4262 exquisitas,srgentea
721 4181 1221 4260 poculspriscoartificioelaborata,
