2954 4916
239 404 293 484 νῆ]
643 401 903 502 ιιηυΕῈΑΤιο

274 520 361 574 Hunc
370 535 458 594 sape,
472 513 616 572 assidente
628 515 809 574 ornatissima
824 514 989 574 auditorum
1003 534 1127 587 corona,
1141 517 1171 574 in
1184 513 1308 594 publicis

233 609 398 669 Academiae
411 607 577 666 Parisiensis
590 607 764 667 lectionibus
775 609 906 676 recitavi,
919 608 1094 686 meminique
1106 627 1166 667 non
1181 621 1307 667 arrectas

234 701 329 760 minus
340 719 425 760 sures
436 711 512 758 stare
523 699 561 758 ad
572 699 712 760 facundos
725 702 873 760 Iuvenalis
886 701 1025 780 impetus,
1040 719 1129 778 quam
1145 702 1183 759 ad
1198 719 1307 760 canora

232 794 347 872 Virgilii
359 791 564 851 modulamina
580 793 691 850 Verum
702 791 783 869 quod
794 791 825 849 in
836 795 853 849 J
855 793 977 850 uvenale
991 793 1193 872 impenderam
1202 791 1306 862 studii,

233 899 266 944 ut
274 905 348 957 cum,
359 885 452 962 qualis
460 897 546 956 esset,
555 885 585 943 in
595 885 645 944 illo
655 884 876 962 intelligentium
885 883 1036 944 hominnm
1043 885 1120 944 coe'tu
1126 884 1306 954 exhiberem,

232 979 315 1037 nolui
325 977 412 1054 culpa
421 995 487 1035 mea
496 976 625 1036 hroditus
637 976 770 1048 interire,
782 977 806 1034 si
817 976 892 1034 lorte
903 976 1025 1054 alicujus
1036 977 1123 1053 pretii
1132 969 1162 1034 et
1175 975 1307 1034 utilitatis

233 1082 317 1128 esset.
329 1073 432 1145 Itaque
444 1067 481 1126 ad
492 1067 579 1146 hujus
588 1079 681 1144 poetae
689 1066 846 1127 editionem
858 1085 918 1124 non
927 1068 1065 1126 arcessivi
1074 1067 1183 1125 alienas
1192 1085 1306 1124 manus:
1341 1093 1345 1098 ·

232 1163 295 1238 ipse
313 1159 409 1230 adiui;
426 1173 455 1218 et
471 1178 635 1237 quanquam
651 1161 709 1219 viri
724 1179 799 1237 saepe
817 1159 888 1217 alias
902 1179 919 1217 a
933 1179 993 1230 me,
1009 1159 1061 1218 scd
1074 1179 1225 1236 nunqnam
1240 1159 1308 1218 satis

233 1251 343 1311 laudati
353 1255 492 1309 Rnrnnrr
505 1253 728 1310 commentarios
740 1250 957 1329 assumpserim,
971 1264 1107 1328 tanquam
1121 1251 1309 1310 fundamenta

233 1343 649 1422 meilaborislirmissirnasque
658 1343 896 1414 substructiones,
911 1356 1006 1401 tamen
1014 1342 1166 1400 aedificium
1174 1345 1268 1421 ipsum
1276 1355 1311 1402 nt

234 1452 309 1497 esset
320 1457 422 1514 magna
431 1457 468 1496 ex
482 1450 565 1514 parte
574 1455 686 1506 meum,
699 1434 806 1512 adjeci,
820 1435 929 1504 recidi,
944 1435 1098 1494 emendavi
1110 1437 1212 1508 multa,
1226 1436 1308 1494 volui

233 1530 348 1608 plenius
360 1528 469 1607 aliquid
481 1542 510 1586 ct
519 1527 653 1586 omnibus
665 1528 793 1585 numeris
801 1526 961 1585 absolutius
971 1527 1002 1584 in
1010 1528 1105 1594 lucem
1114 1528 1308 1604 exire,'quam

234 1619 314 1698 quod
324 1641 341 1680 a
351 1621 518 1680 doctissimo
527 1621 592 1677 viro
604 1621 751 1698 prolatum
763 1633 833 1677 erat
844 1619 887 1676 Sit
897 1620 947 1678 ille
957 1620 1067 1690 clarus,
1078 1621 1213 1696 qnoniam
1226 1621 1310 1697 prior

234 1716 319 1792 operi
335 1733 452 1772 manum
469 1713 606 1772 admovit
622 1712 696 1772 Satis
708 1733 781 1772 vero
794 1713 865 1770 mihi
880 1715 930 1784 sit,
949 1725 1016 1791 post
1033 1713 1114 1771 illum
1129 1713 1310 1772 delitescenti

234 1804 317 1884 (quae
336 1809 422 1867 unica
442 1819 486 1866 est
506 1806 626 1866 editoris
646 1805 759 1888 gloria)
778 1825 838 1865 non
861 1807 1010 1866 minimum
1031 1805 1069 1865 ad
1087 1805 1221 1884 publicos
1241 1827 1310 1866 usus

234 1901 400 1960 contulisse.

273 1999 366 2052 Porro
382 1993 444 2051 haec
462 2005 529 2052 sunt
546 2014 611 2072 quse
626 2013 682 2072 pro
698 1995 777 2053 virili
793 2006 878 2072 parte
892 1993 1002 2053 contuli
1016 2014 1024 2048 :
1038 1991 1164 2069 primum
1179 1991 1309 2049 omnium

229 2086 304 2163 ipsis
316 2083 465 2144 luvenalis
476 2085 608 2145 versibus
622 2085 732 2164 subjeci
744 2085 862 2144 latinam
878 2083 1005 2140 numeris
1018 2082 1118 2141 solutis
1129 2082 1308 2161 interpreta-

234 2180 350 2236 tionem.
366 2181 459 2248 Quem
476 2178 690 2236 commentandi
706 2175 825 2234 modum
842 2195 858 2234 a
875 2174 1065 2234 celeberrimo
1082 2174 1147 2232 viro
1164 2179 1310 2234 Monean-

235 2291 318 2342 ειη,
330 2269 361 2328 in
373 2268 495 2328 edendis
508 2271 550 2326 ad
560 2289 643 2324 asam
658 2273 812 2325 Drcnnrnr
826 2267 923 2326 latinis
931 2267 1100 2326 auctoribus
1111 2268 1181 2326 olim
1195 2268 1310 2345 excogi-

235 2373 341 2433 tatum,
356 2379 410 2438 ego
424 2362 455 2419 in
470 2360 528 2418 hoc
543 2359 690 2437 praecipue
703 2359 846 2436 scriptore
859 2370 903 2417 tot
917 2357 1036 2418 salebris
1048 2379 1152 2437 aspero
1165 2359 1264 2417 utilem
1276 2379 1310 2418 ac

233 2475 329 2534 prope
341 2454 535 2512 necessarium
551 2453 614 2511 fore
631 2453 800 2511 existimavi.
816 2457 883 2530 Ipsa
898 2451 1015 2527 quidem
1033 2451 1235 2530 interpretatio
1253 2454 1309 2508 Jn-

235 2547 398 2617 venciiest,
414 2544 464 2603 sed
477 2557 578 2614 aucta,
594 2543 761 2616 emendata,
778 2558 807 2602 et
819 2542 1032 2621 pluribuslocis
1042 2543 1081 2602 ad
1090 2563 1310 2603 meumsensnm

162 2699 169 2723 ι
236 2658 297 2698 non
311 2649 444 2696 correcta
458 2636 562 2708 modo,
573 2635 624 2694 scd
634 2636 753 2696 omnino
764 2648 881 2693 mutata.

281 2729 407 2806 Singulis
419 2728 544 2806 praemisi
558 2729 652 2786 satiris
667 2740 846 2805 argumenta,
861 2746 950 2804 quum
963 2727 1074 2786 inclusa
1087 2729 1228 2798 numeris,
1246 2739 1310 2784 tum

233 2823 318 2880 etiam
329 2820 424 2877 soluto
433 2819 541 2898 scripta
551 2839 682 2878 sermone
691 2842 698 2876 :
708 2833 846 2899 praeterea
854 2820 1005 2897 diligenter
1014 2831 1161 2877 accuratas
1169 2817 1309 2888 stantun,

231 2915 263 2973 in
279 2910 385 2989 quihus
407 2912 539 2971 carminis
564 2912 678 2970 dissecti
694 2912 850 2990 particulas
867 2931 966 2970 ornnes
986 2931 1122 2970 versuum
1140 2913 1214 2969 intra
1235 2931 1309 2987 quos

233 3007 415 3063 continentur
426 3007 568 3084 expressis
582 3005 708 3062 numeris
716 3004 877 3082 designavi,
891 3017 919 3062 et
933 3017 1068 3080 tanquam
1075 3003 1161 3061 certis
1171 3001 1310 3062 limitibus

232 3097 370 3168 inclusas,
388 3119 447 3176 quo
464 3099 574 3157 lucilius
589 3109 820 3174 agnoscerentur,
836 3096 966 3155 exhibui.

259 3195 308 3248 ¹In
321 3191 379 3248 line
393 3192 488 3248 satira
498 3191 637 3268 cujusque
649 3189 753 3268 adjeci:
768 3189 899 3248 1⁰varias
908 3191 990 3246 MSS.
1002 3189 1155 3259 lectiones3
1166 3189 1308 3246 a⁰multos

235 3294 400 3352 auctorum,
413 3283 474 3340 sive
486 3287 673 3346 Graecorum,
686 3282 747 3338 sive
757 3283 944 3350 Latinorum,
958 3281 1019 3339 sive
1031 3283 1117 3339 etiam
1129 3282 1313 3340 Gallicorum

235 3373 380 3452 (curenim
388 3371 700 3450 nostranegtigamnst)
709 3373 898 3443 imitationem
909 3375 940 3430 3⁰
948 3385 1030 3430 notas
1038 3393 1102 3449 qnae
1112 3372 1166 3430 sub
1176 3375 1240 3450 ipso
1248 3391 1311 3429 car·

234 3465 319 3524 minis
335 3477 414 3522 textu
429 3466 540 3522 omissae
556 3465 683 3535 lucrant,
701 3467 805 3542 partim
819 3466 855 3524 ad
871 3467 1000 3524 criticam
1013 3465 1191 3537 literarium,
1202 3464 1310 3540 partim

234 3557 273 3618 ad
285 3557 447 3627 historiam,
460 3557 659 3633 antiquitatem
671 3557 835 3617 fabulamve
843 3561 1029 3636 pertinentes,
1041 3557 1195 3633 plorasque
1207 3555 1243 3614 de
1255 3577 1309 3615 ve-

235 3666 328 3710 terum
340 3649 469 3708 moribus
484 3663 571 3727 atque
586 3650 697 3720 usibus,
710 3669 835 3727 qnorum
850 3671 887 3708 ex
900 3660 1035 3708 accurata
1047 3649 1166 3706 notione
1179 3648 1230 3706 lux
1239 3649 1309 3728 pln-

235 3747 308 3803 rima
319 3743 466 3802 luvenalis
480 3742 619 3821 operibus
632 3743 802 3802 affunditur.

275 3837 446 3895 Lectionum
466 3856 596 3914 magnam
613 3849 738 3913 segetem
750 3835 896 3894 dederunt
908 3818 1012 3913 ophmi
1027 3835 1114 3912 regiae
1126 3837 1313 3906 ,Parisiorum

235 3928 421 3990 bibliotheca
432 3928 572 3998 ·c0dices‚
591 3928 689 3985 collati
706 3945 771 3985 cnm
788 3928 823 3984 iis
838 3926 943 4004 quibus
961 3939 1045 3985 antea
1062 3931 1224 3986 Rursnrns
1241 3947 1309 3985 usus

235 4035 307 4082 erat.
330 4023 379 4080 Ait
392 4022 438 4080 vir
452 4021 661 4080 cruditissimus
675 4021 820 4096 octoginta
836 4041 866 4080 se
879 4020 1005 4092 codices,
1022 4023 1068 4080 vel
1084 4023 1307 4098 manuscriptos,

233 4118 282 4174 vel
300 4115 376 4193 typis
394 4133 515 4174 excusos
530 4115 695 4189 collegisse,
716 4133 752 4170 ac
768 4115 827 4172 fere
844 4133 943 4174 omnes
964 4133 981 4172 a
998 4113 1143 4193 principio
1163 4113 1200 4172 ad
1221 4115 1311 4171 linem

232 4228 424 4288 comparasse.
440 4209 530 4288 Cujus
546 4205 691 4264 inhaere
707 4204 804 4266 labori
820 4205 845 4266 si
860 4219 991 4266 nostrum
1010 4205 1173 4274 addideris,
1187 4202 1309 4290 habebis
