2954 4916
540 409 802 476 ANALYSIS.
1182 410 1199 475 5

137 540 220 578 suum
230 522 363 579 statuerit
373 544 380 579 ι
392 523 543 597 utriusque
553 535 648 580 autem
659 523 770 580 consilii
783 533 840 578 tarn
850 523 958 598 lepidas
968 523 1052 582 ailert
1063 515 1202 594 rationes,

137 623 169 668 ut
179 614 225 670 vel
238 614 343 672 Catoni
357 614 446 672 risum
458 634 576 672 movere
590 614 758 690 potuissent.
772 615 851 672 Nihil
864 635 979 692 quoque
990 617 1107 688 facetius
1118 617 1204 673 simul

136 716 165 760 et
175 705 333 764 modestius
345 717 388 763 est
395 706 508 781 judicio
520 708 588 777 illo,
605 707 685 782 quod
696 709 733 764 de
746 707 878 765 facultate
888 727 938 764 sua
949 709 1061 783 poetica
1075 709 1134 784 ipse
1146 711 1203 766 sert

136 815 163 850 v.
179 815 228 867 17,
242 799 294 868 all,
307 817 358 874 79,
371 799 425 869 803
437 799 509 856 nibil
520 799 613 876 aptius
623 800 826 875 venustiusque
839 801 951 875 pictura
964 802 1145 876 perditorum
1159 821 1202 860 se·

136 889 192 944 culi
205 889 250 944 sni
266 904 396 960 morum,
408 901 436 948 et
448 891 636 948 conversione
647 892 684 948 ad
696 893 752 948 boc
766 892 934 966 primarium
950 893 1069 950 satirica
1082 913 1202 968 poeseos

135 993 356 1055 argumentum,
375 983 422 1038 cui
438 983 562 1058 proinde
578 983 684 1040 diutius
701 984 871 1042 immoratur
884 1006 912 1041 v.
929 986 1081 1056 aa-rt65
1097 987 1202 1060 quibus

133 1073 258 1146 plurima
273 1075 390 1132 illorum
407 1087 569 1152 temponrm
583 1076 654 1133 vitia
667 1095 726 1133 non
740 1075 801 1133 sine
812 1077 930 1133 urbanis
942 1078 1046 1134 salibus
1058 1088 1200 1134 recenset:

135 1185 150 1218 a
165 1167 342 1240 spadonibus
358 1169 465 1226 scilicet
479 1187 584 1225 uxores
598 1169 683 1236 duci,
704 1189 733 1224 v.
755 1188 808 1240 ²²3
829 1171 962 1227 mulieres
978 1171 1150 1228 descendere
1171 1165 1214 1226 iu'

135 1276 264 1328 arenam,
277 1279 304 1314 v.
317 1278 369 1330 aa,
380 1261 434 1329 233
446 1280 461 1315 a
474 1261 643 1336 quibusdam
656 1261 858 1318 libertinorum
873 1261 1001 1336 quemvis
1015 1261 1202 1336 patriciorum

136 1347 243 1406 divitiis
266 1370 299 1407 ac
318 1353 438 1409 mollitie
457 1354 603 1428 superari,
624 1374 653 1410 v.
674 1363 808 1430 24-295
831 1355 987 1412 causidicos
1010 1354 1201 1411 delationibus

134 1459 203 1514 opes
219 1443 276 1497 sibi
290 1462 407 1518 parare,
423 1457 452 1501 et
467 1446 580 1503 luxurie
594 1446 740 1516 diffluere,
756 1465 784 1501 r.
800 1445 854 1516 32,
872 1445 927 1516 333
944 1446 1086 1503 delatores
1099 1445 1201 1519 opibus

135 1549 241 1591 exuere
254 1536 463 1594 nobilissimum
475 1557 633 1614 quemque,
648 1551 678 1596 et
691 1559 707 1595 a
718 1559 748 1596 se
761 1537 883 1595 invicem
896 1537 1007 1608 timeri,
1022 1557 1050 1592 v.
1065 1535 1201 1605 33-363

134 1625 282 1684 adulteros
297 1627 361 1685 fieri
374 1630 500 1688 haeredes
515 1633 707 1703 mcecbarum,
726 1652 754 1686 v.
772 1631 909 1701 37-443
931 1629 1056 1704 pupillos
1077 1627 1202 1684 fortunis

135 1735 150 1772 a
168 1720 313 1776 tatoribus
331 1721 463 1796 spoliari,
480 1744 507 1780 v.
524 1723 657 1796 45-l7;
678 1723 902 1800 repetundarum
917 1741 981 1778 reos
996 1721 1201 1792 damnatosque

136 1810 289 1866 maximam
306 1813 430 1869 retinere
444 1825 554 1888 partem
577 1816 718 1892 pecuniae,
739 1835 755 1870 a
775 1813 999 1890 provincialibus
1018 1810 1147 1887 pervim
1168 1831 1202 1868 ac

135 1902 266 1960 fraudem
283 1917 404 1974 exactae,
421 1918 450 1965 et
465 1908 495 1964 in
510 1910 610 1967 exsilio
626 1909 746 1980 lautius,
768 1927 854 1984 quarn
870 1921 969 1978 antea,
988 1905 1072 1984 genio
1087 1925 1139 1962 suo
1154 1905 1201 1960 in-

136 1993 272 2070 dulgere,
289 2017 317 2052 v.
333 1998 464 2069 47-503
481 2001 598 2057 maritos
616 2000 693 2074 ipsos
709 2002 846 2057 lenonum
868 2012 962 2074 partes
980 2017 1080 2074 agere,
1095 2009 1127 2052 ut
1145 1997 1200 2052 bo-

136 2105 243 2144 norum
262 2091 366 2148 moecbi
382 2093 508 2150 haeredes
524 2113 557 2150 ex
574 2113 633 2150 asse
650 2091 736 2161 fiant,
753 2112 782 2148 v.
802 2091 935 2162 55-573
951 2091 1081 2148 homines
1095 2087 1199 2144 iulimae

137 2181 238 2251 sortis,
260 2181 312 2256 qui
327 2182 531 2257 patrimonium
551 2185 632 2260 equis
645 2185 755 2242 alendis
770 2184 1006 2259 dilapidaverint,
1021 2181 1200 2257 pretorianis

137 2273 305 2331 cohortibus
326 2275 450 2350 prefici,
470 2297 500 2332 v.
521 2275 655 2347 58-623
679 2277 763 2333 falsos
786 2287 1022 2334 testamentorum
1041 2275 1200 2351 signatores
1251 2275 1254 2287 '

137 2365 316 2422 hereditates
333 2367 484 2436 invadere,
502 2376 531 2424 et
542 2387 602 2424 non
613 2369 707 2425 minus
724 2367 890 2446 magnificos
904 2387 990 2444 quam
1005 2368 1105 2424 molles
1121 2385 1200 2434 esse,

58 2461 59 2464 ’
138 2477 165 2513 v.
184 2458 318 2530 63-683
331 2459 449 2516 maritos
466 2459 503 2515 ab
520 2461 659 2518 uxoribus
675 2481 789 2519 veneno
807 2461 920 2530 necari,
940 2480 968 2515 v.
984 2461 1118 2534 69-725
1139 2475 1199 2514 soe-

137 2549 320 2606 leratissimos
343 2551 473 2609 homines
496 2539 634 2628 dignitate
660 2563 689 2610 et
710 2553 799 2628 copiis
822 2552 979 2620 excellere,
1006 2569 1034 2604 r.
1062 2547 1200 2618 73—763

138 2658 228 2697 nurus
245 2662 262 2698 a
279 2643 385 2700 soceris
398 2644 510 2716 vitiari,
528 2657 557 2702 et
567 2665 689 2720 pueros,
700 2647 746 2701 vel
758 2643 826 2700 viris
837 2643 961 2714 nubere,
973 2641 1019 2698 vel
1028 2639 1198 2708 adulterari,

137 2751 166 2788 v.
183 2752 236 2804 77,
253 2733 309 2804 783
325 2754 481 2810 numquam
496 2737 633 2810 majorem
646 2736 769 2812 viguisse
784 2733 946 2805 avaritiam,
961 2753 1013 2790 nec
1029 2733 1200 2790 insaniorem

137 2826 203 2881 aleae
217 2826 330 2896 lusum,
348 2845 378 2881 t.
396 2827 527 2902 87—93;
547 2829 643 2900 plures
663 2825 714 2882 uni
730 2825 842 2882 bomini
858 2844 917 2882 esse
934 2824 1032 2892 villas,
1051 2836 1079 2879 et
1098 2821 1200 2878 divites

137 2915 272 2990 privatim
290 2913 418 2972 saliatem
436 2916 467 2970 in
485 2916 604 2972 modum
622 2917 749 2992 epulari,
767 2915 940 2992 pauperibus
959 2935 1029 2972 vero
1050 2913 1200 2970 clientibus

138 3019 204 3064 aute
220 3008 297 3063 fores
311 3007 413 3063 aedium
433 3009 577 3082 sportulas
597 3009 720 3084 apponi,
739 3029 767 3063 v.
787 3017 918 3084 94-99;
939 3025 1064 3063 summos
1085 3023 1201 3080 quoque

140 3099 318 3176 magistratus
336 3111 393 3156 tam
413 3100 547 3157 sordidos
567 3119 645 3170 esse,
666 3111 699 3156 ut
718 3118 767 3157 eos
780 3119 839 3156 non
851 3100 959 3175 pudeat
978 3119 1033 3154 una
1048 3117 1112 3153 cum
1126 3116 1198 3154 uxo-

138 3193 234 3262 ribus,
249 3193 297 3248 vel
310 3211 407 3248 earum
420 3193 537 3249 nomine
551 3192 692 3268 sportulas
705 3203 818 3268 petere,
834 3203 862 3249 et
876 3191 1062 3266 contemptim
1074 3191 1110 3246 ab
1125 3209 1199 3266 opu·

139 3285 222 3342 lentis
242 3285 375 3355 tractari,
393 3305 422 3340 v.
440 3284 594 3360 99-131;
614 3296 725 3342 veteres
741 3285 846 3341 amicos
868 3303 1063 3358 pauperesque
1085 3283 1201 3340 clientes

141 3396 199 3434 uon
210 3378 331 3452 amplius
342 3377 380 3433 ad
391 3387 496 3433 rectam
509 3376 609 3434 vocari
625 3395 747 3446 coenam,
761 3376 811 3432 sed
823 3375 942 3431 ditiores
955 3376 1031 3431 solos
1044 3375 1123 3431 dorni
1139 3377 1202 3431 lau-

140 3469 253 3526 tissimis
267 3468 357 3544 epulis
374 3469 529 3544 abligurire
541 3469 671 3525 fortunas
687 3487 766 3534 suas,
784 3477 813 3522 et
828 3483 1044 3542 nonnumquam
1060 3467 1201 3524 cruditate

138 3561 232 3630 mori,
248 3580 277 3616 v.
295 3560 457 3628 ita-146.
481 3561 554 3616 Huic
573 3558 668 3635 itaque
688 3559 780 3616 satirae
796 3558 820 3615 si
836 3559 989 3616 secundam
1004 3559 1201 3634 potissimum,

137 3652 272 3720 tertiam,
287 3662 452 3726 sextamque
465 3649 642 3723 adjunxeris,
658 3650 960 3708 consummatissimam
974 3651 1092 3708 babebis
1107 3653 1202 3726 pictu-

140 3761 202 3802 ram
213 3753 417 3817 corruptorum
431 3743 507 3798 illins
521 3741 573 3798 aevi
587 3761 710 3800 morum.

180 3837 287 3893 Forma
299 3834 436 3892 orationis
446 3853 519 3910 sepe
529 3835 655 3892 oratoria
665 3836 754 3912 magis
765 3855 851 3911 quam
863 3836 975 3911 poetica
988 3833 1082 3892 rideri
1092 3842 1202 3908 potest,

141 3929 191 3985 sed
204 3927 420 4002 permaximam
433 3927 566 3984 carminis
577 3939 687 4002 partera
700 3939 801 4004 regnat
813 3947 949 4004 magnum
962 3924 1056 3988 sisar
1071 3936 1100 3980 et
1119 3943 1203 3999 gene-

141 4039 207 4078 rosa
224 4017 401 4095 indignatio,
422 4039 477 4094 qua
497 4039 601 4093 pratos
617 4019 701 4092 hujus
717 4021 805 4076 aetatis
820 4039 915 4076 mores
935 4019 1089 4074 insectatur
1110 4025 1202 4088 poeta.

144 4113 286 4168 Caeterum
304 4109 418 4167 satiram
436 4111 508 4166 banc
525 4129 584 4166 esse
600 4111 721 4185 primam
735 4111 883 4182 omnium,
908 4127 977 4184 quas
997 4105 1158 4174 luvenalis,
1180 4106 1203 4160 si
