2954 4916
248 447 287 520 14
516 442 557 504 D.
586 439 724 504 JuNtt
749 437 1037 506 ‹JUVENALIS

175 595 179 602 -
244 553 435 624 Conductas
450 554 616 624 Corvinus
631 550 733 622 oves?
748 556 821 648 Ego
838 554 993 648 possideo
1009 553 1083 648 plus

245 661 393 735 Pallante
409 679 444 732 et
459 663 605 732 Licinis:
622 677 816 755 exspectent
831 687 912 758 ergo
930 664 1075 752 tribuni3

245 776 394 844 Vincant
409 774 533 844 divitiae
548 799 556 841 :
573 797 667 842 sacro
682 799 747 842 nec
764 773 860 842 cedat
875 772 1014 862 honori,
1261 805 1309 840 uo

246 887 365 978 Nuper
383 884 417 951 iu
434 883 655 953 haricurbem
672 881 815 977 pedibus
832 881 889 976 qui
905 898 1043 952 venerat
1057 883 1157 970 albis;

245 994 525 1088 Quandoquidem
541 994 630 1064 inter
646 1019 706 1062 nus
722 993 928 1062 sanctissima
943 994 1147 1064 Divitiarum

248 1106 423 1198 Majestas3
441 1106 501 1172 etsi
519 1103 650 1172 funesta
666 1103 812 1173 Pecunia
828 1101 953 1197 templo

249 1213 408 1283 Nondum
425 1213 570 1299 habitas,
587 1211 693 1281 nullas
709 1233 923 1280 nummorum
940 1214 1105 1281 ereximus
1121 1237 1211 1300 aras,

249 1324 297 1391 Ut
313 1322 433 1392 colitur
449 1325 536 1404 Pau,
553 1337 652 1415 atque
668 1321 781 1408 Fides,
797 1321 966 1407 Victoria,
982 1321 1116 1410 Virtus,
1262 1331 1310 1385 ιι5

247 1434 398 1526 Quaque
413 1431 554 1502 salutato
572 1431 712 1526 crepitat
728 1432 916 1501 Concordia
932 1431 1023 1504 nido.

296 1542 360 1612 Sed
377 1567 481 1636 quum
498 1565 645 1612 summus
661 1541 771 1610 honor
787 1542 882 1610 finito
899 1557 1072 1636 computet
1088 1553 1213 1630 amm,¹

248 1651 404 1745 Sportula
419 1651 502 1745 quid
519 1651 658 1736 referat,
674 1665 835 1744 quantum
853 1651 1038 1720 rationibus
1054 1651 1171 1738 addat;

129 1848 138 1866 ἱ
247 1758 338 1847 Quid
349 1758 769 1855 facient'comites,quibus
780 1759 861 1830 hinc
871 1760 1107 1854 toga,calceus
1118 1759 1197 1830 hinc
1206 1775 1269 1843 est,

248 1869 293 1936 Et
309 1869 402 1962 panis
418 1868 594 1964 fiamusque
610 1866 723 1940 domii
737 1868 930 1942 densissima
946 1885 1082 1939 centum
1265 1897 1313 1932 no

248 1974 458 2063 Quadrantes
475 1978 593 2048 lectica
608 1980 711 2074 petit,
726 1980 944 2074 sequiturque
960 1981 1116 2048 maritum

249 2085 442 2180 Languida,
459 2086 512 2156 vel
528 2113 722 2183 praegnans,
739 2103 772 2155 et
788 2087 1050 2158 circumducitur
1065 2111 1159 2158 uxor.

250 2195 314 2264 Hic
331 2195 417 2289 petit
433 2197 581 2284 absenti,
597 2212 678 2266 nota
689 2198 759 2290 jam
776 2195 913 2266 callidus
928 2212 1017 2284 arte,

249 2445 319 2502 agro
331 2426 466 2482 laurenti
480 2427 592 2501 pascat?
610 2427 723 2483 Mecum
737 2445 797 2483 non
812 2439 954 2484 certarent
969 2427 1072 2503 opibus
1088 2428 1178 2484 Pallas
1194 2436 1223 2483 et
1237 2426 1316 2481 Lici-

250 2519 334 2576 nius:
348 2519 457 2576 tribuni
471 2537 541 2595 ergo
555 2531 733 2593 exspectent:
750 2519 877 2594 priorem
892 2520 986 2576 locum
1004 2521 1148 2591 obtineat,
1165 2519 1215 2595 qui
1228 2519 1318 2575 ditior

251 2625 307 2682 est3
317 2627 376 2669 'uec
390 2624 582 2670 sacro-sancto
596 2611 638 2670 illi
652 2614 830 2690 magistratui
842 2613 995 2684 concedat,
1013 2615 1063 2689 qui
1076 2633 1136 2670 uon
1150 2613 1189 2668 ita
1203 2612 1317 2686 pridem

251 2707 373 2761 Romam
386 2703 483 2760 oblitis
497 2723 587 2780 gypso
600 2705 722 2779 pedibus
735 2705 864 2775 acoessit;
876 2707 1013 2781 quoniam
1027 2725 1093 2763 saue
1107 2703 1212 2760 divinis
1225 2706 1319 2759 hono-

250 2797 332 2854 ribus
349 2796 496 2872 pecuniatu
511 2793 727 2872 prosequimur,
748 2798 814 2854 licet
832 2799 961 2854 noudum
981 2798 1034 2872 ipsi
1052 2798 1189 2872 templum
1212 2795 1249 2850 sit
1268 2813 1319 2850 ex-

251 2898 390 2944 structum
400 2927 408 2956 ,
419 2887 541 2943 necdum
553 2889 618 2944 ulle
629 2889 753 2946 nummis
767 2908 822 2945 urae
835 2889 942 2946 luerint
954 2890 1070 2962 positae,
1082 2889 1126 2943 uti
1139 2887 1238 2961 positae
1252 2895 1319 2942 sunt

252 2980 332 3049 Paci,
352 2978 449 3049 Fidei,
467 2977 618 3048 Victoriae,
638 2980 756 3037 Virtuti
770 2992 855 3054 atque
874 2979 1057 3048 Concordia,
1081 2979 1161 3051 cujus
1180 2979 1319 3052 templtuu

251 3081 366 3128 resonat
383 3070 505 3144 strepitu
522 3070 695 3126 ciconiarum
714 3072 745 3125 in
766 3071 826 3144 ejus
845 3071 973 3126 turribus
988 3067 1213 3140 nidificantiurn,
1229 3089 1319 3144 quum

251 3162 336 3218 nidus
349 3179 422 3235 quos
438 3171 535 3217 exacta
548 3161 650 3234 hyeme
666 3161 806 3232 revisunt,
821 3164 886 3218 laeto
899 3162 1036 3217 videntur
1050 3163 1150 3236 plausu
1164 3162 1294 3217 salutare.
1306 3185 1319 3212 s

294 3277 359 3325 ιη.
381 3257 469 3326 Quod
478 3257 501 3312 si
511 3255 652 3331 primores
659 3257 740 3314 urbis
750 3259 842 3326 ciues,
855 3260 906 3333 qui
917 3278 1043 3316 summos
1055 3259 1084 3314 in
1096 3279 1128 3314 ea
1139 3258 1319 3333 magistratus

251 3359 370 3427 gerunt,
391 3359 513 3406 exeunte
528 3365 604 3406 anuo
624 3347 752 3406 relerunt
768 3349 797 3405 in
814 3349 921 3405 librum
938 3369 1053 3406 suarum
1070 3350 1230 3417 rationum,
1248 3349 1320 3422 qnid

251 3449 385 3515 apportet
407 3439 474 3512 ipsis
490 3440 562 3494 lucri
578 3442 723 3515 sportula,
745 3450 879 3517 quarum
896 3441 932 3497 ad
948 3459 1062 3498 censum
1082 3459 1208 3497 annuum
1226 3459 1320 3496 acces-

251 3533 361 3591 sionem
376 3531 474 3602 laciat3
497 3549 582 3606 quatu
598 3533 729 3589 miseram
751 3553 810 3590 esse
828 3532 975 3589 clientium
992 3531 1320 3588 conditionem'necesse

252 3637 308 3698 est,
318 3626 368 3702 qui
376 3643 463 3682 censu
473 3626 551 3681 omni
561 3637 589 3683 et
598 3627 774 3700 patrimonio
784 3639 927 3698 carentes,
936 3646 971 3683 ex
978 3625 1027 3696 iis,
1038 3644 1132 3699 quosa
1143 3636 1266 3700 patrono
1274 3643 1323 3680 ca-

252 3720 350 3796 piunt,
360 3717 531 3786 nummulis,
543 3729 687 3792 coguntur
697 3728 806 3792 togam,
818 3718 941 3787 calceos,
951 3735 1068 3791 panem,
1080 3735 1112 3772 ac
1121 3735 1210 3792 pauca
1219 3715 1322 3786 uvida,

253 3811 358 3886 quibus
372 3809 467 3867 locum
480 3811 651 3878 accendant,
667 3811 744 3887 ligna
762 3811 875 3868 emere?
890 3811 986 3880 Quid,
1000 3809 1082 3883 quod
1095 3809 1149 3884 ipsi
1166 3807 1277 3864 nobiles
1292 3809 1322 3862 in

253 3903 360 3960 lecticis
376 3914 492 3979 gestatu,
510 3903 547 3959 ad
570 3913 684 3962 renuam
700 3903 765 3958 illos
781 3902 953 3978 quadrantes
973 3903 1169 3978 corrogandos
1185 3900 1322 3976 frequen-

254 3996 354 4054 tissimi
367 3998 539 4067 convolent,
556 4015 608 4053 uec
623 3997 678 4052 viri
693 4007 817 4066 tantum,
835 3998 885 4055 sed
898 3998 1015 4053 illorum
1030 3997 1114 4053 etiam
1129 4013 1251 4062 uxores,
1270 3991 1322 4049 etsi

254 4103 366 4166 egrotae
378 4092 425 4148 vel
442 4083 582 4167 gravide,
598 4109 660 4163 quar
674 4109 727 4166 per
741 4089 837 4146 simnia
856 4091 954 4145 limina
973 4089 1229 4158 circumferuntur,
1250 4085 1322 4141 adeo

254 4193 287 4239 ut
294 4185 396 4260 aliquis
405 4183 537 4244 callidior
547 4181 642 4260 (quod
652 4181 804 4241 artificium
814 4184 873 4258 jam
883 4195 925 4242 est
935 4181 1152 4261 pervulgatum)
1165 4180 1322 4257 sportulam
