2954 4916
478 457 666 521 SATlttA
696 455 872 520 PRIMA.
1169 455 1207 522 13

141 569 228 660 Quis
246 570 389 639 totidem
405 572 513 638 erexit
528 568 643 638 villas?
657 570 731 664 quis
747 568 872 638 fercula
887 586 1015 666 septem

18 735 19 774 3
140 682 280 748 Secreto
297 680 440 746 coenavit
456 679 560 747 avus?
575 704 671 747 nuno⁴
682 678 832 773 sportula
847 680 955 774 primo
1175 694 1207 762 9⁵

141 789 274 856 Limine
291 811 393 882 parva
409 787 521 872 sedet,
538 788 643 857 turbae
660 788 819 882 rapienda
835 802 967 882 togatae.

141 896 200 965 llle
220 911 332 964 tamen
351 895 471 965 faciem
488 897 582 989 prius
599 897 751 991 inspicit,
768 911 803 966 et
819 898 980 992 trepidat,
998 922 1040 964 ne

142 1010 344 1102 Suppositus
360 1009 490 1094 venias,
506 1033 545 1076 ac
561 1007 643 1076 falso
660 1009 796 1076 nomine
813 1033 939 1102 poscas.

144 1116 294 1211 Agnitus
310 1116 461 1210 accipies.
478 1117 496 1182 J
499 1115 580 1184 ubet
596 1139 615 1182 a
630 1139 785 1208 praecone
801 1117 913 1185 vocari

144 1227 240 1319 ipsos
256 1223 465 1318 Trojugenas
485 1249 492 1292 :
511 1247 587 1292 nam
603 1237 725 1290 vexant
742 1220 842 1292 limen
860 1240 893 1294 et
909 1225 971 1319 ipsi
1162 1253 1211 1288 roo

145 1335 343 1404 Nobiscum.
360 1335 413 1400 Da
428 1333 586 1418 Praetori,
602 1330 645 1399 da
661 1331 782 1400 deinde
797 1329 965 1402 Tribuno!

145 1443 210 1512 Sed
227 1442 408 1511 libertinus
424 1443 519 1536 prior
535 1455 586 1510 est
603 1467 611 1508 :
630 1440 742 1535 prior,
759 1441 885 1534 inquit,
902 1467 966 1536 ego
982 1440 1107 1512 adsum.

145 1556 216 1623 Cur
231 1554 366 1621 timeam
383 1551 575 1620 dubitemve
593 1549 705 1620 locum
721 1549 919 1636 defendere,
935 1551 1087 1644 quamvis

147 1664 254 1732 Natus
269 1661 312 1729 ad
327 1660 555 1756 Euphratem,
571 1659 689 1730 molles
704 1659 796 1752 quod
813 1659 848 1727 in
864 1683 945 1755 aure
961 1659 1115 1729 fenestrae

148 1771 348 1866 Arguerint‚
365 1768 446 1840 licet
462 1769 534 1865 ipse
550 1765 694 1865 negem?
709 1767 769 1836 sed
784 1769 934 1862 quinque
950 1771 1095 1838 tabernae
1165 1781 1213 1834 105

147 1881 405 1976 Quadringenta
421 1894 550 1974 parant.
567 1880 662 1969 Quid
677 1879 808 1949 confert
824 1903 975 1974 purpura
989 1880 1096 1972 major

149 1991 363 2085 Optandum,
380 1990 408 2058 si
424 1991 585 2060 Laurenti
602 1988 749 2060 custodit
766 1989 801 2056 in
816 2013 898 2084 agro

147 2157 231 2228 dere,
249 2170 279 2215 et
294 2169 402 2214 restem
414 2159 521 2215 famulo
531 2153 641 2234 ,quem
658 2157 747 2234 frigus
761 2157 892 2228 conticit,
909 2157 1034 2216 debitam
1051 2157 1214 2233 denegare?

148 2250 219 2320 Quis
230 2250 371 2323 majorum
382 2263 550 2308 nostrorum
564 2263 609 2308 tot
619 2251 700 2308 villas
714 2250 879 2322 edificavit,
892 2265 963 2326 quot
977 2252 1078 2328 passim
1091 2252 1149 2325 jam
1164 2271 1215 2308 ex-

145 2343 316 2398 struuntur?
329 2343 393 2418 quis
404 2361 504 2400 eorum
516 2344 547 2398 in
558 2344 673 2400 secretis
684 2343 783 2415 etiam,
795 2363 826 2400 ac
837 2345 968 2419 privatis,
979 2345 1030 2401 ubi
1040 2346 1112 2421 gulae
1122 2343 1216 2400 indul-

146 2446 230 2510 getur
246 2437 339 2492 multo
359 2435 493 2507 liberius,
513 2437 614 2508 ooenis,
629 2438 735 2494 diversi
752 2440 863 2512 generis
882 2439 968 2514 dapes
988 2450 1096 2514 septem
1112 2441 1216 2496 mensis

146 2528 299 2602 apposuit?
314 2528 432 2585 clientes
445 2547 512 2584 suos
524 2528 570 2584 avi
584 2529 677 2584 nostri
690 2530 790 2586 eadem
805 2549 900 2586 seorim
914 2529 1089 2604 accipiebant
1103 2548 1214 2600 mensa,

146 2636 222 2674 nunc
236 2619 291 2674 illis
304 2619 334 2675 in
349 2619 452 2676 domus
466 2619 610 2676 vestibulo
626 2631 725 2695 parata
737 2633 779 2678 est
792 2621 894 2696 exigua
906 2623 1049 2696 sportula,
1063 2639 1148 2695 quam
1163 2621 1216 2676 mi-

147 2710 202 2766 seri
214 2720 280 2785 post
294 2711 421 2767 attritam
433 2711 599 2768 cursitando
611 2713 818 2786 salutandoque
831 2723 942 2788 togam,
958 2713 1042 2768 aride
1054 2712 1216 2786 raptimque

146 2802 292 2872 auferant,
302 2822 334 2858 ac
345 2821 382 2860 ne
392 2803 509 2878 quidem
521 2803 581 2860 sine
593 2803 643 2858 lite
654 2813 683 2858 et
694 2803 802 2860 labore.
815 2807 864 2860 Est
873 2804 924 2878 qui
935 2814 1017 2860 tuum
1026 2821 1058 2860 os
1070 2803 1216 2862 intueatur

148 2893 320 2968 diligenter,
332 2906 484 2968 antequam
496 2894 653 2967 sportulam
664 2895 815 2970 largiatur,
829 2906 958 2952 metuens
969 2895 1119 2964 videlicet,
1136 2915 1172 2952 ne
1184 2907 1216 2952 tn

29 2995 31 3000 '
147 2985 177 3040 'm
191 2985 307 3040 alterius
321 2985 416 3040 venias
431 2987 542 3051 locum,
560 2995 645 3057 teque
658 2984 792 3040 clientem
805 3005 866 3042 esse
881 2985 1037 3042 mentiaris.
1058 2987 1116 3043 Ubi
1133 3005 1214 3043 eom-

148 3087 263 3149 pertum
279 3075 379 3144 luerit,
394 3076 444 3149 qui
457 3075 509 3144 sis,
528 3093 586 3148 quo
598 3074 664 3145 jure
679 3078 839 3149 sportulam
853 3089 947 3152 petas,
963 3087 1032 3133 tunc
1044 3095 1076 3134 ea
1091 3079 1216 3135 dabitur.

150 3169 305 3224 Praeclarus
320 3168 368 3224 ille
384 3179 523 3243 patronus
538 3185 591 3240 per
604 3185 766 3241 praeconem
782 3169 898 3226 arcessit
915 3169 1060 3244 principes
1079 3168 1216 3241 civitatis,

151 3259 185 3315 ab
194 3259 320 3334 antiquis
329 3260 385 3316 illis
394 3257 525 3331 Trojanis
535 3268 629 3327 ortos;
641 3277 706 3314 nam
716 3258 769 3332 ipsi
779 3277 896 3333 quoque
906 3277 960 3332 pro
970 3257 1081 3314 loribus
1091 3259 1121 3314 iu
1131 3259 1218 3318 clien-

152 3354 222 3409 tium
238 3355 324 3410 turba
339 3352 461 3408 conferti
477 3361 505 3408 et
519 3351 621 3407 obnixi
636 3351 758 3408 adstant.
774 3373 787 3400 ι
796 3353 840 3406 Da
853 3350 1010 3424 sportulam
1025 3352 1142 3425 pretori
1154 3352 1218 3427 pri·

151 3465 246 3516 mum3
258 3445 295 3500 da
305 3445 409 3501 deinde
420 3443 575 3512 tribuno»,
584 3443 623 3500 ait
633 3455 784 3518 pauonm:
794 3443 845 3500 sed
854 3461 917 3498 cum
928 3441 983 3498 illis
992 3455 1101 3518 pugnat
1109 3444 1219 3500 liberti·

151 3557 219 3604 nus;
232 3547 320 3594 «ante
329 3537 408 3606 illos,
420 3539 572 3606 exclamat,
585 3535 640 3592 buc
649 3534 768 3604 accessi,
781 3533 817 3590 da
826 3532 898 3588 mibi
906 3533 1014 3608 priori:
1027 3535 1090 3608 quis
1100 3536 1171 3592 mibi
1181 3536 1219 3592 sit

151 3631 261 3705 pudor,
275 3639 324 3684 aut
339 3628 440 3703 religio
456 3629 529 3684 tueri
542 3630 619 3684 hunc
631 3646 716 3702 quem
728 3625 866 3700 occupavi
876 3626 987 3695 locum,
1000 3626 1067 3682 licet
1078 3627 1218 3684 oriundus

151 3725 203 3780 sim
211 3743 246 3780 er
254 3723 327 3778 orbe
336 3721 374 3776 ad
382 3721 556 3794 Euphratem
566 3723 742 3794 sita,meque
751 3738 865 3776 servum
873 3737 948 3790 esse,
957 3719 981 3776 si
990 3739 1094 3796 negare
1100 3721 1217 3792 vellem,

152 3817 217 3872 satis
227 3815 369 3870 indicaret
380 3832 411 3869 ac
422 3813 559 3887 probaret
570 3814 682 3870 aurium
694 3813 836 3887 perforata
847 3831 913 3886 pars
929 3812 1003 3868 ima?
1015 3833 1114 3870 verum
1128 3813 1219 3868 taber·

152 3927 202 3963 nas
214 3909 343 3982 quinque
357 3907 449 3964 babeo
461 3907 490 3962 in
504 3909 590 3976 urbe,
602 3925 723 3982 quarum
735 3925 770 3962 ex
784 3925 876 3962 annua
888 3906 1025 3980 pensione
1040 3903 1163 3962 conficio
1175 3923 1219 3960 se-

153 3999 251 4054 stertia
260 3997 477 4073 quadringenta.
490 3997 569 4068 Quid
576 3999 662 4055 habet
670 4000 729 4072 ipsa
740 3997 879 4054 senatoria
892 3997 1029 4070 dignitas,
1041 4013 1128 4069 quare
1137 4006 1218 4052 tanto

153 4101 303 4164 expetatur
319 4109 425 4164 opere,
448 4091 471 4146 si
494 4089 610 4163 quidem
635 4091 776 4148 Corvinus
796 4110 832 4147 ex
848 4089 1025 4164 amplissimis
1041 4087 1219 4146 senatoribus

154 4182 279 4256 genitus,
298 4201 334 4239 eo
353 4182 485 4240 redactus
499 4193 541 4240 est
561 4181 681 4258 inopiae,
701 4193 734 4240 ut
750 4181 849 4240 orium
864 4198 981 4258 gregem
997 4177 1172 4236 conductum
1187 4179 1219 4235 in
