2954 4916
252 411 295 491 κῇ
480 417 668 482 o1V1s1o
693 417 753 481 nr
777 419 1085 488 ARGUMENTA
1124 413 1129 422 ·

250 545 308 600 qun
330 528 361 586 id
383 547 490 606 genus,
512 532 723 590 accuratissime
741 547 1015 610 cognoscerentur:
1041 549 1241 596 verumtamen
1260 558 1323 615 quae

251 619 340 677 luerit
354 623 409 679 alia
425 643 461 682 ex
475 635 556 700 parte
571 624 614 682 rei
627 624 754 683 libraria
767 626 857 697 ratio,
874 629 999 686 velutin
1013 629 1096 688 libris
1113 629 1284 707 colligendis
1295 641 1324 688 et

250 711 434 788 digerendis;
453 716 579 792 primum
592 727 679 793 atque
692 716 798 774 iterum
809 717 893 792 justa
906 719 1029 776 editioni
1047 721 1200 796 parandis,
1217 721 1323 779 inscri-

249 803 363 878 bendis,
377 817 406 864 et
418 827 472 884 per
487 809 606 865 nomina
618 820 770 866 auctorum
779 829 813 866 ac
825 810 925 866 titulos
937 811 1163 888 distinguendis,
1178 812 1284 870 deinde
1293 813 1325 870 in

249 899 387 971 exemplis
397 899 638 974 multiplicandis,
657 919 710 974 per
719 901 900 959 recensiones
911 900 984 977 (quae
997 904 1085 960 latine
1098 905 1241 962 correctio
1253 905 1325 980 dici-

250 989 307 1078 tup)
319 991 494 1048 renovandis
503 1001 532 1048 et
541 992 730 1050 retractandis
741 1015 749 1049 z
759 995 824 1050 talia
833 996 976 1068 permulta
986 1015 1128 1071 nusquam
1139 996 1234 1052 adhuc
1245 996 1323 1052 vidi-

248 1082 397 1138 mussulis
418 1084 552 1158 quaesita,
570 1084 679 1142 nedum
698 1085 825 1158 perfecte
847 1088 989 1162 exposita,
1012 1100 1057 1159 et,
1076 1088 1157 1163 quod
1172 1088 1265 1146 varias
1282 1088 1323 1144 ob

250 1193 360 1230 caussas
380 1176 463 1232 valde
486 1189 634 1251 optamus,
654 1176 818 1252 plenissime
839 1169 1054 1253 comprehensa.
1081 1180 1152 1236 Loci
1174 1191 1241 1236 sunt
1262 1197 1324 1237 non

250 1266 333 1340 pauci
348 1267 451 1324 inerte
465 1268 579 1337 critica,
595 1268 647 1343 qui
658 1288 764 1326 novam
778 1269 847 1327 inde
859 1271 952 1326 lucem
964 1282 1129 1346 exspectare
1142 1271 1262 1346 possint.
1274 1272 1322 1328 Sic

248 1358 280 1414 in
291 1359 377 1416 variis
385 1360 498 1434 scriptis
511 1361 682 1438 colligendis
693 1361 766 1416 mira
778 1361 922 1435 quaedam,
935 1373 977 1433 et,
990 1381 1072 1438 paene
1083 1362 1221 1433 dixerim,
1233 1381 1322 1440 gene-

250 1471 315 1508 rosa
327 1453 542 1527 cerniturapud
553 1463 665 1510 veteres
679 1452 872 1529 neffligentia3
883 1471 978 1528 neque
989 1453 1028 1510 sic
1039 1454 1099 1528 jam
1111 1453 1269 1510 industrios
1279 1454 1323 1511 vi·

250 1543 350 1600 demus
366 1557 512 1615 auctores,
526 1541 560 1602 1st
574 1544 629 1620 ipsi
649 1563 699 1601 sna
718 1547 814 1619 Opera
832 1546 926 1602 omnia
943 1547 1173 1603 consarcinantes
1188 1545 1322 1604 facillime

249 1637 352 1711 populi
363 1633 536 1708 commodo,
551 1649 602 1694 aut
614 1637 700 1694 etiam
711 1657 780 1710 sno,
797 1638 1016 1713 prospicerent:
1029 1640 1069 1696 ita
1081 1640 1218 1715 pleraque
1229 1640 1322 1697 disso-

249 1728 309 1784 luta
324 1738 353 1785 et
363 1727 512 1804 dissipata,
524 1715 667 1804 permulta
680 1749 716 1787 ne
727 1731 763 1786 ab
778 1730 840 1805 ipso
851 1730 968 1806 quidem
983 1743 1100 1789 auctore
1114 1732 1152 1788 ad
1163 1731 1320 1789 editionem

147 1844 150 1860 ¹
250 1820 407 1892 destinata,
422 1841 632 1898 nopnnnquam
647 1823 804 1879 admodum
816 1841 881 1880 sero
895 1834 925 1881 et
937 1825 974 1880 ab
988 1823 1128 1898 imperitis
1142 1825 1322 1900 colligeban-

250 1926 307 1970 tur.
324 1915 451 1984 Quodsi
472 1915 533 1990 ipse
550 1916 676 1991 scriptor
694 1915 858 1973 institueret
872 1917 1086 1988 collectionem,
1107 1916 1249 1974 faciebant
1264 1917 1322 1972 hoc

255 2006 395 2076 maxime,
405 2019 438 2062 nt
452 2008 489 2064 de
501 2009 636 2082 Epistolis
648 2009 757 2065 Plinius
770 2019 882 2080 narrat,
895 2011 924 2080 l,
940 2029 950 2065 1
962 2031 990 2066 :a
1001 2009 1128 2086 Collegi,
1138 2029 1198 2066 non
1208 2019 1322 2066 servato

251 2097 393 2172 temporis
405 2098 509 2154 ordine
519 2097 630 2175 (neque
639 2101 716 2155 enim
725 2100 875 2156 historiam
886 2101 1094 2174 componebam
1103 2101 1129 2179 ),
1139 2101 1190 2169 sed
1200 2111 1233 2157 nt
1245 2119 1323 2175 quae-

251 2209 308 2266 qne
323 2189 353 2245 in
364 2208 466 2246 manus
476 2202 625 2247 venerat.»
638 2193 686 2248 Sic
694 2201 788 2266 poetae
799 2209 917 2265 quoque
932 2191 1078 2264 lecerunt,
1094 2202 1127 2248 ut
1140 2192 1278 2250 Horatius
1294 2203 1323 2249 et

250 2283 397 2348 Tibullus·⁸
414 2301 509 2357 neque
532 2283 616 2340 aliter
632 2283 793 2354 luvenalis3
812 2282 902 2338 modo
921 2281 958 2338 sit
977 2283 1068 2358 ipsius
1081 2285 1139 2340 hoc
1155 2294 1322 2359 syntagma,

250 2374 332 2450 quod
342 2393 420 2430 nunc
430 2374 561 2430 manibus
576 2386 713 2430 tenemus.
732 2376 807 2432 Eum
820 2372 992 2448 produxisse
1003 2377 1040 2432 ad
1051 2375 1228 2432 audiendum
1239 2377 1323 2451 plura

250 2465 408 2524 Satirarum
419 2465 584 2535 volumina,
594 2465 703 2523 scilicet
714 2485 768 2540 per
781 2465 909 2522 diversas
920 2467 997 2522 vices
1009 2467 1149 2538 acroasis,
1166 2468 1323 2540 conjectari

249 2557 441 2633 probabiliter
455 2567 566 2631 potest,
583 2557 709 2632 primum
724 2577 758 2615 ex
774 2558 896 2634 antiqno
914 2578 996 2616 more
1011 2579 1044 2630 ac
1060 2561 1149 2618 modo
1166 2561 1322 2630 recitandi,

250 2651 356 2708 deiude
368 2670 403 2707 ex
414 2649 477 2720 illa,
488 2669 552 2724 quae
561 2652 650 2727 vulgo
659 2651 690 2708 in
702 2652 859 2709 Codicibus
869 2651 1024 2728 reperitur,
1037 2655 1166 2728 quinque
1178 2655 1322 2712 librorum

250 2744 384 2802 distincta
393 2743 553 2815 notatione,
568 2763 655 2819 qamm
667 2745 746 2802 haud
758 2745 796 2802 ita
808 2745 926 2802 minime
935 2748 1125 2822 spernendam
1135 2759 1278 2823 putamus,
1289 2761 1323 2806 ut

249 2857 312 2892 non
329 2835 384 2892 nisi
400 2835 508 2892 ultimae
528 2835 617 2892 aetatis
637 2837 891 2912 grammaticorum
911 2839 1043 2896 habenda
1060 2840 1202 2896 videatur.
1222 2840 1323 2910 Quid?

250 2928 332 3006 qnod
345 2928 473 3002 ejusdem
489 2927 532 2985 rei
547 2929 607 2986 lere
619 2929 756 2986 historica
767 2927 938 3004 significatio
953 2932 1023 2988 latet
1040 2931 1071 2988 in
1086 2932 1169 3002 Vita,
1181 2933 1322 2990 Suetonio

253 3022 344 3078 tribui
357 3021 473 3077 solita.»

290 3112 532 3171 Satirarumtitnli
540 3122 569 3169 et
577 3125 756 3190 argumenta,
767 3135 830 3190 quaa
840 3116 871 3171 in
880 3115 1040 3185 codicibus,
1050 3125 1079 3172 et
1087 3116 1213 3191 scriptis,
1221 3127 1250 3173 et
1258 3116 1322 3173 edi-

251 3207 287 3263 tis
303 3205 382 3262 varia
392 3204 523 3275 ratione,
536 3214 565 3261 et
577 3207 623 3261 vel
632 3223 732 3281 prosa,
744 3209 791 3264 rel
800 3227 882 3264 versa
894 3207 1025 3264 oratione
1035 3225 1166 3282 expressa
1176 3209 1321 3284 leguntur,

252 3301 338 3356 sanius
357 3299 495 3373 cujusque
512 3296 611 3354 satira
623 3299 768 3376 principio
783 3299 957 3376 preliximns
970 3323 977 3357 ε
992 3320 1025 3358 ea
1038 3301 1128 3378 igitnr
1139 3302 1187 3359 hic
1201 3303 1321 3360 omitte-

250 3411 327 3462 mus,
346 3390 460 3446 duobus
480 3377 592 3445 tantum
616 3391 758 3466 exceptis,
783 3413 847 3470 quae
864 3392 895 3450 in
915 3411 1005 3452 nuum
1025 3413 1130 3470 corpus
1148 3405 1324 3471 congregata·

249 3481 375 3558 separari
386 3499 446 3538 non
459 3492 602 3556 poterant.
624 3484 676 3538 Eo.
