2954 4916
268 481 288 552 4
598 470 800 536 sisinn
829 471 1007 535 PttllttAE

268 589 378 646 tamdiu
392 608 423 644 nc
437 587 522 644 toties
538 596 567 642 et
584 597 734 661 tantopere
754 587 895 643 offensum
914 597 999 662 atque
1017 600 1166 658 vexatum,
1185 589 1241 647 sibi
1260 602 1333 648 tern-

267 699 369 755 perare
382 697 441 736 non
456 676 598 753 potuisse,
615 697 674 752 quo
689 677 784 734 minus
805 678 866 751 ipse
884 677 969 734 etiarn
983 678 1092 753 aliquid
1106 679 1244 737 scriberet
1259 683 1333 738 reci·

267 781 413 845 taretque,
431 785 490 844 quo
504 770 601 826 saltem
617 769 651 824 iis
665 767 774 848 quibus
785 787 846 826 non
861 769 921 825 sine
935 769 1045 846 ingenti
1061 771 1145 829 tedio
1160 793 1245 830 sures
1260 792 1334 849 prae·

266 865 379 933 buerit,
397 874 560 938 reponeret,
581 863 765 936 rependeret,
790 881 843 937 par
863 861 926 936 pari
947 863 1080 932 referret,
1101 865 1157 922 hoc
1175 876 1236 938 est,
1255 867 1333 924 idem

266 956 382 1032 legendi
392 953 585 1028 audiendique
599 953 744 1010 fastidium
759 963 882 1021 crearet,
898 971 935 1010 ne
950 955 1093 1028 patientiae
1105 975 1161 1012 sue
1175 957 1206 1012 hi
1217 959 1335 1032 impune

267 1050 415 1104 insultasse
431 1046 524 1102 videri
540 1058 672 1119 possent,
685 1066 713 1100 v.
731 1053 842 1114 1—14;
861 1054 950 1118 utque
963 1045 1087 1120 aliquam
1099 1057 1176 1104 certe
1189 1049 1335 1106 scribendi

266 1141 429 1198 facultatem
438 1138 493 1194 sibi
502 1148 699 1212 compararet,
712 1136 822 1193 scholas
831 1136 902 1193 dicit
910 1138 1162 1212 grammaticorum
1171 1139 1337 1198 rhetorum-

267 1251 354 1306 quen
371 1229 498 1287 sciuisse
513 1228 724 1303 frequentatus;
745 1226 818 1282 nihil
833 1236 928 1282 autem
944 1226 1072 1300 referre,
1092 1241 1191 1286 utrum
1210 1232 1333 1290 aliorum

267 1321 508 1388 versificatorum‚
521 1338 647 1394 quormn
659 1329 754 1375 tantus
765 1319 802 1374 sit
811 1337 949 1376 numerus
956 1362 965 1390 ,
979 1330 1013 1376 ut
1020 1321 1128 1396 ubique
1139 1322 1173 1380 iis
1183 1336 1332 1396 occurrat,

267 1433 304 1471 an
317 1433 366 1470 sua
380 1431 468 1468 manu
479 1423 576 1487 pereat
591 1413 702 1482 charta,
718 1431 747 1467 v.
763 1409 885 1468 15-18.

306 1509 342 1562 ln
356 1508 444 1561 alteru
457 1503 547 1560 sarira
562 1513 659 1577 parte,
672 1521 700 1558 r.
717 1500 865 1576 19-150,
883 1503 1007 1560 rationes
1021 1503 1116 1576 nit'ert,
1133 1525 1236 1580 quare,
1250 1521 1333 1584 capto

227 1643 230 1652 .
268 1597 424 1656 carminum
441 1594 662 1652 scribendorum
676 1593 814 1662 consilio,
832 1593 869 1649 ad
887 1595 985 1651 satiras
1004 1597 1203 1672 potiusquam
1222 1601 1259 1657 sd
1279 1602 1335 1658 alia

266 1698 431 1766 poematum
451 1704 556 1762 genera
571 1685 698 1741 animum
714 1687 892 1742 converterit
912 1707 918 1741 :
937 1697 981 1742 tot
1000 1688 1076 1743 enim
1094 1698 1123 1744 et
1141 1701 1217 1747 tanta
1235 1695 1334 1750 Romae

266 1801 343 1837 nunc
361 1779 458 1854 vigere
480 1777 550 1833 vitia
573 1797 605 1832 ac
629 1776 749 1846 scetem,
771 1778 853 1832 utin
871 1777 927 1834 hoc
946 1797 1046 1854 campo
1068 1779 1148 1838 facile
1170 1785 1335 1858 suppeditet

267 1875 360 1935 omnia
383 1874 500 1931 dicendi
519 1883 688 1947 apparatus,
713 1883 742 1927 et
765 1870 888 1944 difficile
909 1873 960 1942 sit,
983 1876 1103 1930 satiram
1118 1895 1176 1931 non
1193 1879 1335 1948 scribere,-

267 1981 375 2042 utque,
391 1967 420 2022 si
433 1977 539 2021 natura
557 1975 655 2038 neget,
661 1961 765 2034 saciat
778 1963 942 2038 indignatio
956 1983 1084 2034 uersum,
1101 1959 1337 2044 qualemcumque

263 2061 370 2135 possit,
387 2077 415 2113 v.
432 2058 565 2130 30-793
583 2057 675 2111 multo
693 2073 810 2128 quoque
826 2054 916 2130 magis
936 2055 1086 2132 expedire,
1106 2057 1167 2114 haec
1186 2059 1336 2118 hominum

266 2151 336 2206 vitia
352 2147 463 2217 notari,
486 2166 572 2220 quum
593 2145 701 2221 exponi
723 2145 838 2222 mythos
857 2156 887 2201 et
909 2158 1092 2220 argumenta,
1109 2147 1169 2221 jam
1185 2159 1334 2208 tractatas

267 2253 312 2298 tot
330 2241 440 2316 poetis,
458 2250 487 2295 et
504 2238 637 2294 omnibus
651 2248 738 2304 nota,
756 2257 783 2291 v.
803 2236 839 2292 52
854 2256 912 2311 seq.
925 2240 1064 2295 Praeteren
1075 2259 1215 2297 summam
1225 2263 1336 2318 propo-

266 2333 311 2387 nit
325 2329 470 2399 omnium,
487 2347 550 2404 quae
564 2327 595 2384 in
608 2329 701 2385 satiris
716 2327 774 2385 suis
790 2329 924 2402 persequi
938 2329 1015 2404 apud
1028 2331 1155 2389 animum
1175 2336 1335 2394 constitue-

269 2424 324 2489 rit,
338 2440 459 2498 qunque
477 2421 533 2477 hoc
548 2439 667 2496 poeseos
686 2439 775 2496 genus
793 2421 1016 2494 complectatur,
1034 2442 1061 2478 v.
1079 2423 1205 2481 81-86.

309 2516 342 2571 ln
355 2514 412 2570 fine
423 2512 539 2570 demum
556 2513 705 2583 carminis,
721 2513 818 2568 animo
834 2530 928 2567 secum
946 2525 1081 2586 reputans
1096 2537 1128 2572 nc
1144 2517 1255 2588 dolens,
1271 2520 1335 2593 pri-

270 2627 344 2664 scam
367 2605 505 2680 loquendi
527 2605 729 2679 scribendique
747 2603 909 2659 libertatem
932 2604 1024 2677 poetis
1046 2609 1191 2680 praecisam
1208 2629 1285 2681 ease,
1308 2623 1337 2668 et

270 2697 418 2767 homines,
433 2695 484 2768 qui
499 2696 621 2751 multum
637 2695 807 2752 auctoritate
823 2703 852 2748 et
871 2692 1076 2766 imperatorum
1096 2699 1187 2774 gratia
1206 2702 1336 2772 valeant,

271 2788 377 2846 nedum
398 2786 473 2860 ipsos
495 2787 632 2858 Caesares,
652 2798 701 2842 aut
724 2787 866 2842 Caesarum
889 2785 1053 2856 ministros,
1076 2807 1134 2844 non
1159 2791 1219 2848 sine
1238 2793 1336 2849 salutis

271 2879 393 2952 vitaeque
405 2877 534 2950 periculo
545 2877 629 2933 vivos
642 2877 719 2950 carpi
735 2894 832 2950 posse,
851 2895 880 2931 se
897 2876 927 2931 in
944 2882 1004 2932 sota
1021 2890 1219 2952 mortuorum,
1235 2896 1336 2958 utpote

272 2972 323 3046 qui
336 2991 396 3027 non
407 2969 527 3044 emplius
537 2969 705 3041 mordeant,
718 2969 791 3026 factu
804 2979 833 3025 et
844 2987 940 3026 mores
952 2968 1135 3028 invecturum
1147 2993 1207 3032 esse
1218 2973 1336 3050 profite-

273 3074 336 3134 tur,
349 3083 376 3120 v.
393 3059 555 3131 150—171.

581 3515 811 3602 SATIRAE
837 3519 1039 3606 PRIMAE

676 3733 933 3790 nnnctsls.

314 3975 406 4031 Satira
415 3975 488 4044 haec,
499 3973 673 4047 praefationis
685 3975 764 4048 quasi
775 3975 840 4032 loco
854 3977 961 4033 caeteris
973 3980 1133 4053 praemissa,
1148 3983 1211 4039 salis
1222 3983 1336 4040 facetia-

275 4083 396 4139 rumque
410 4066 492 4140 plenu
504 4076 559 4134 est,
573 4077 601 4121 et
613 4064 762 4138 dispositio
776 4067 837 4141 ejus
851 4071 992 4142 praeclara.
1007 4073 1151 4130 iuvenalis
1167 4094 1219 4132 nos
1235 4077 1336 4149 docet,

274 4167 413 4233 quercet
434 4156 577 4230 scribere,
600 4167 629 4214 et
650 4158 748 4216 satiras
767 4161 947 4238 potissimum
968 4166 1094 4224 scribere
1114 4167 1190 4243 apud
1210 4167 1336 4226 animum
