2954 4916
391 410 626 478 EDITORIS
651 411 693 476 N.
716 410 754 477 E.
777 413 1010 482 LEMAIllE.
1212 416 1247 482 ia

169 543 241 586 sane
263 525 301 585 ad
318 543 421 585 verum
446 527 572 587 auctoris
600 539 710 586 textum
729 530 963 590 constituendum
983 531 1050 611 plus
1069 533 1249 614 adjumenti,

171 637 262 695 quam
277 618 358 697 quod
370 619 495 696 legitime
508 619 556 680 vel
573 622 669 700 optari
682 620 781 698 possit

214 713 282 768 Duo
293 711 388 789 prima
400 710 535 770 editionis
546 725 654 771 nostrae
664 713 814 773 volumina
823 716 973 774 Iuvenalis
985 717 1065 776 solus
1079 716 1128 775 illa
1139 737 1191 776 sua
1201 737 1254 776 su-

173 804 320 882 pellectile
330 803 463 882 implebit
473 825 480 860 :
490 805 605 864 tertium
614 805 714 864 Persio
726 824 917 880 reservamus,
928 810 979 886 qui
990 810 1155 868 necessario
1167 812 1256 868 Juve-

173 895 271 953 nalem
284 899 415 974 sequitur
428 918 436 955 ε
450 897 491 955 ita
506 897 652 975 conjuncti
667 896 727 956 duo
740 911 822 958 vates
836 917 944 977 corpus
959 901 1103 980 integrum
1117 901 1255 959 efficient.

173 992 240 1046 Jam
247 988 692 1049 unusedoctissimislleademiae
700 987 869 1048 Parisiensis
879 990 1046 1054 rhetoribus
1053 1013 1135 1052 suam
1143 992 1173 1050 in
1182 996 1253 1050 Per·

175 1080 219 1139 sio
235 1080 414 1160 publicando
430 1101 550 1160 operam
564 1081 635 1140 mibi
655 1080 808 1159 diligenter
828 1095 929 1158 navat,
945 1084 1022 1144 inter
1043 1085 1254 1164 amantissimos

175 1173 302 1250 collegas
311 1193 409 1244 sams,
423 1186 453 1232 et
465 1187 570 1232 nostrae
578 1173 782 1234 Universitatis
794 1173 923 1232 futurum
935 1174 1023 1236 decus
1035 1189 1064 1235 et
1073 1175 1254 1255 praesidium.

215 1269 304 1335 Mox,
325 1278 358 1324 ut
370 1285 474 1344 spero,
489 1265 620 1324 ultimum
630 1264 702 1324 illud
715 1267 852 1325 volumen
862 1267 893 1324 in
903 1267 997 1325 lucem
1006 1267 1154 1345 prodibit3
1171 1267 1253 1346 cujus

174 1353 206 1414 iu
218 1357 275 1415 bne
286 1358 428 1436 reperies,
438 1379 502 1435 quae
515 1359 635 1417 fortasse
645 1357 675 1415 iu
687 1357 803 1416 duobus
811 1359 913 1437 primis
922 1358 1121 1418 voluminibus
1133 1358 1252 1418 deside-

174 1448 302 1520 raveris3
321 1458 350 1506 1⁰
364 1452 382 1506 J
384 1447 512 1508 uvenalis
527 1449 617 1508 vitam
624 1470 682 1526 per
695 1470 791 1506 annos
799 1451 998 1526 probabilibus
1012 1451 1184 1520 conjecturis
1201 1453 1251 1506 di-

173 1553 306 1616 gestam,
322 1541 422 1618 quales
434 1541 495 1600 fere
506 1541 678 1624 llotlwelltrs
686 1539 777 1600 edidit
793 1541 960 1600 Velleianos
970 1541 1099 1612 annales,
1110 1544 1216 1600 Russus
1224 1555 1255 1602 et

176 1635 307 1708 Heynius
321 1635 513 1712 Virgilianos,
530 1647 598 1707 etc.;
619 1645 650 1692 2⁰
664 1633 765 1694 satirae
783 1635 862 1713 apud
881 1639 1030 1694 Romanos
1042 1633 1208 1706 historiam,
1224 1645 1255 1692 et

176 1725 214 1784 de
226 1727 380 1804 praecipuis
395 1727 516 1786 satiricis
533 1728 663 1798 Lucilio,
677 1728 818 1799 Horatio,
836 1727 949 1800 Persio,
965 1727 1120 1798 Iuvenale,
1135 1726 1212 1783 inter
1222 1745 1255 1784 se

174 1819 364 1895 comparatis,
376 1819 444 1876 item
456 1819 599 1878 defructu
611 1840 648 1877 ex
658 1819 777 1878 illorum
786 1817 926 1896 operibus
937 1818 1129 1896 percipiendo
1142 1817 1252 1877 disser-

175 1910 299 1968 tationes
320 1910 436 1968 minime
460 1909 497 1968 ab
518 1911 649 1969 instituto
674 1923 775 1968 nostro
800 1912 923 1984 alienas3
948 1911 983 1968 3⁰
1005 1901 1131 1990 denique
1150 1931 1254 1970 manu-

174 2002 351 2079 scriptorum
365 2002 490 2073 indicem
504 2003 667 2080 catalogum
685 2000 859 2074 editionum3
874 2003 1037 2061 testimonia
1054 2003 1091 2060 de
1111 2006 1128 2060 J
1131 2004 1253 2062 uveuale

174 2107 203 2152 et
220 2095 326 2153 Persio.
356 2094 433 2165 Quid
451 2095 555 2172 plura?
576 2113 682 2170 sequar
695 2094 725 2152 in
742 2093 925 2172 illoquoque
938 2095 1103 2165 volumine,
1120 2095 1253 2156 eamdem

173 2205 262 2263 msam
277 2184 420 2244 hactenus
431 2187 718 2257 servavi'ratiouem;
737 2205 791 2243 nec
810 2206 827 2245 a
843 2187 997 2263 proposito
1013 2186 1071 2244 flnc
1087 2185 1252 2260 discedam,

173 2291 209 2336 ut
221 2279 298 2334 nihil
310 2279 394 2346 boni,
409 2279 539 2353 quocica
551 2279 619 2334 aliis
630 2271 802 2334 editionibus
813 2279 916 2352 colligi
922 2292 1025 2354 qrseat,
1048 2281 1079 2335 in
1091 2300 1159 2336 tneo
1174 2279 1254 2338 desi-

172 2373 298 2427 deretur.
314 2373 386 2442 Quae
401 2371 425 2428 si
438 2369 567 2428 omnium
579 2369 672 2428 ricem
686 2369 747 2426 sula
760 2369 899 2446 supplere
910 2381 1020 2446 potest,
1034 2369 1129 2447 probe
1143 2387 1253 2429 consu-

172 2464 256 2522 luero
270 2460 427 2520 lectoribus
438 2460 508 2520 meis
520 2484 527 2518 :
539 2475 679 2538 quantum
688 2463 764 2521 enim
776 2463 912 2539 impeusae
922 2475 951 2520 et
962 2461 1071 2522 laboris
1081 2464 1251 2543 ponendum

174 2554 274 2612 luisset
285 2555 315 2611 iu
325 2566 368 2611 tot
378 2554 507 2630 undique
518 2553 601 2612 libris
612 2554 788 2625 coemendis,
799 2554 831 2612 id
843 2566 934 2613 toturn
944 2553 1027 2612 lucro
1038 2569 1187 2634 apponant
1196 2577 1252 2616 ue·
1330 2557 1333 2566 '

173 2667 253 2706 cesse
263 2659 315 2715 est,
324 2645 453 2722 mihique
465 2658 617 2724 acceptum
629 2646 765 2704 celerant.
778 2651 831 2718 lta,
843 2665 1008 2722 quanquam
1021 2648 1145 2724 plusculi
1155 2661 1253 2726 empta

172 2740 334 2810 volumina,
350 2738 456 2795 minori
469 2751 563 2797 tamen
578 2737 673 2816 pretio
685 2750 818 2796 constare
832 2758 892 2794 non
905 2738 1050 2798 immerito
1064 2739 1251 2798 videbuntur.

119 2852 122 2858 ¹
214 2835 343 2888 Estvero
353 2830 431 2906 quod
440 2831 543 2907 aliquis
552 2843 683 2888 austerus
692 2829 822 2887 lectorio
833 2828 961 2888 editione
971 2850 1035 2890 mea
1044 2831 1252 2909 reprehendat,

171 2922 252 3003 quod
263 2923 371 2982 crimen
381 2922 450 2980 mibi
458 2941 523 2980 cum
532 2920 666 3000 pluribus
674 2921 836 2980 editoribus
845 2942 1008 2996 commune,
1020 2944 1079 2982 non
1088 2924 1251 2984 dissimulo:

173 3017 284 3075 utinam
295 3017 401 3094 possim
415 3013 586 3072 defendere!
605 3016 753 3092 integrum
768 3013 847 3072 edidi
863 3027 1025 3088 auctorem,
1040 3015 1146 3092 dequo
1160 3016 1252 3075 multa

174 3108 307 3168 recidere
321 3108 428 3180 velint,
440 3108 491 3185 qui
504 3105 624 3185 pudicas
637 3126 721 3166 aures
735 3105 859 3178 babent,
873 3119 902 3165 et
916 3108 992 3166 ultra
1010 3107 1129 3166 modum
1144 3107 1252 3168 delica-

175 3201 237 3260 tas:
253 3201 344 3258 velint
359 3199 459 3258 saltem
478 3199 590 3257 nullum
603 3199 817 3269 commentarii,
832 3211 882 3256 aut
896 3197 1145 3277 interpretationis
1161 3220 1252 3278 genus

173 3295 209 3352 iis
221 3293 293 3351 locis
306 3292 449 3362 addition,
466 3312 530 3369 quae
541 3293 629 3350 satius
638 3293 691 3362 sit,
706 3304 738 3348 ut
751 3291 793 3349 illi
808 3302 926 3368 putant,
940 3290 1059 3348 omniuo
1073 3311 1132 3348 nou
1145 3292 1253 3351 intelli-

173 3405 250 3462 gere.
268 3388 370 3461 Neque
385 3403 437 3462 ego
451 3383 562 3441 inficias
575 3383 693 3454 iverim,
705 3381 854 3440 interdum
867 3383 983 3440 virtutis
995 3383 1060 3441 loco
1073 3404 1133 3442 esse
1142 3383 1253 3442 habeu-

173 3477 257 3548 dum,
278 3479 415 3552 qttoedam
434 3478 563 3533 nescire:
583 3495 616 3533 ac
635 3477 659 3532 si
679 3492 840 3552 puerorum
858 3485 908 3533 aut
922 3474 1204 3535 adolescentulorum
1221 3477 1251 3534 in

173 3571 295 3648 gratiam
309 3567 479 3639 scriberem,
492 3568 619 3627 imitatus
629 3587 718 3626 essem
731 3568 864 3630 Juvencii
876 3568 1059 3647 aliorumque
1071 3570 1252 3644 modestiam,

173 3662 306 3740 quamvis
322 3661 470 3720 interdum
485 3661 573 3720 nimia
587 3661 683 3720 rideri
696 3659 797 3738 possit.
818 3660 875 3720 Sed
895 3662 966 3720 alios
981 3661 1107 3722 lectores
1124 3663 1181 3722 alia
1196 3662 1252 3720 de-

172 3768 249 3814 cent.
270 3755 401 3814 Timidus
421 3768 517 3813 tamen
531 3767 706 3832 cautusque,
720 3739 758 3813 ut*
772 3755 801 3814 in
815 3753 847 3812 re
863 3753 993 3827 lubrica,
1009 3754 1143 3814 diffidere
1160 3755 1253 3813 malui

172 3867 260 3925 quam
273 3867 388 3907 errare:
399 3847 458 3906 adii
466 3889 474 3918 ,
483 3815 616 3906 cobsului
627 3848 708 3906 viros
720 3867 809 3924 quum
824 3847 964 3908 doctrinae
975 3847 1078 3925 copia,
1092 3860 1151 3906 tum
1163 3847 1249 3905 etiam

173 3961 287 4000 morum
311 3943 474 4019 integritate
503 3960 536 3999 ac
563 3940 680 4019 pietatis
704 3940 802 3999 studio
830 3937 1083 3999 commendabiles.
1116 3944 1248 4011 Quorum
1270 3981 1273 3986 -

171 4055 275 4108 tremo,
297 4049 404 4115 praetcr
427 4053 516 4092 unum
538 4035 609 4104 fuit,
633 4035 684 4112 qui
708 4053 766 4093 non
787 4033 859 4092 mibi
883 4034 1010 4097 animum
1028 4031 1175 4093 labantem
1197 4033 1248 4090 lir-

171 4144 279 4203 maret,
293 4133 381 4192 allato
396 4129 484 4188 Rolaei
497 4129 589 4206 nostri
603 4130 763 4188 versiculo:
987 4139 990 4144 ·

402 4239 450 4286 -ue
461 4237 521 4287 latita
533 4238 594 4287 dans
604 4239 639 4288 les
655 4249 719 4289 mols
730 4237 805 4287 brare
820 4235 992 4288 thennesus.-
