<?xml version="1.0" encoding="UTF-8"?>
<!DOCTYPE html PUBLIC "-//W3C//DTD XHTML 1.0 Transitional//EN"
    "http://www.w3.org/TR/xhtml1/DTD/xhtml1-transitional.dtd">
<html xmlns="http://www.w3.org/1999/xhtml" xml:lang="en" lang="en">
 <head>
  <title>
</title>
<meta http-equiv="Content-Type" content="text/html;charset=utf-8" />
  <meta name='ocr-system' content='tesseract 3.04.00' />
  <meta name='ocr-capabilities' content='ocr_page ocr_carea ocr_par ocr_line ocrx_word'/>
</head>
<body>
  <div class='ocr_page' id='page_1' title='image "bibliothecaclas94lemagoog_0031.png"; bbox 0 0 2954 4916; ppageno 0'>
   <div class='ocr_carea' id='block_1_1' title="bbox 250 431 1040 500">
    <p class='ocr_par' dir='ltr' id='par_1_1' title="bbox 250 431 1040 500">
     <span class='ocr_line' id='line_1_1' title="bbox 250 431 1040 500; baseline 0.003 -2"><span class='ocrx_word' id='word_1_1' title='bbox 250 433 270 498; x_wconf 86' lang='grc'><strong>8</strong></span> <span class='ocrx_word' id='word_1_2' title='bbox 520 436 561 498; x_wconf 93' lang='lat' dir='ltr'>D.</span> <span class='ocrx_word' id='word_1_3' title='bbox 591 431 728 498; x_wconf 80' lang='lat' dir='ltr'>lUNll</span> <span class='ocrx_word' id='word_1_4' title='bbox 755 431 1040 500; x_wconf 81' lang='lat' dir='ltr'><strong>JUVENALIS</strong></span> 
     </span>
    </p>
   </div>
   <div class='ocr_carea' id='block_1_2' title="bbox 248 546 1316 2397">
    <p class='ocr_par' dir='ltr' id='par_1_2' title="bbox 248 546 1313 973">
     <span class='ocr_line' id='line_1_2' title="bbox 248 546 1313 644; baseline -0.002 -26"><span class='ocrx_word' id='word_1_5' title='bbox 248 551 294 618; x_wconf 84' lang='lat' dir='ltr'>Et</span> <span class='ocrx_word' id='word_1_6' title='bbox 308 573 370 616; x_wconf 90' lang='lat' dir='ltr'>nos</span> <span class='ocrx_word' id='word_1_7' title='bbox 387 573 468 644; x_wconf 90' lang='lat' dir='ltr'>ergo</span> <span class='ocrx_word' id='word_1_8' title='bbox 483 573 619 618; x_wconf 89' lang='lat' dir='ltr'>manum</span> <span class='ocrx_word' id='word_1_9' title='bbox 634 546 749 617; x_wconf 82' lang='lat' dir='ltr'>ferulae</span> <span class='ocrx_word' id='word_1_10' title='bbox 764 547 999 637; x_wconf 83' lang='lat' dir='ltr'>subduximus3</span> <span class='ocrx_word' id='word_1_11' title='bbox 1017 565 1052 619; x_wconf 90' lang='lat' dir='ltr'>et</span> <span class='ocrx_word' id='word_1_12' title='bbox 1067 575 1127 620; x_wconf 89' lang='lat' dir='ltr'>nos</span> <span class='ocrx_word' id='word_1_13' title='bbox 1284 565 1313 644; x_wconf 86' lang='lat'>¹⁵.</span> 
     </span>
     <span class='ocr_line' id='line_1_3' title="bbox 249 657 1229 754; baseline 0 -24"><span class='ocrx_word' id='word_1_14' title='bbox 249 657 437 730; x_wconf 89' lang='lat' dir='ltr'>Consilium</span> <span class='ocrx_word' id='word_1_15' title='bbox 453 658 607 728; x_wconf 84' lang='lat' dir='ltr'>dedimus</span> <span class='ocrx_word' id='word_1_16' title='bbox 622 657 738 745; x_wconf 84' lang='lat' dir='ltr'>Sullae,</span> <span class='ocrx_word' id='word_1_17' title='bbox 755 660 907 754; x_wconf 76' lang='lat' dir='ltr'>privatin</span> <span class='ocrx_word' id='word_1_18' title='bbox 922 676 960 728; x_wconf 94' lang='lat' dir='ltr'>ut</span> <span class='ocrx_word' id='word_1_19' title='bbox 976 660 1080 730; x_wconf 88' lang='lat' dir='ltr'>altum</span> <span class='ocrx_word' id='word_1_20' title='bbox 1226 738 1229 744; x_wconf 21' lang='lat'><strong>¹</strong></span> 
     </span>
     <span class='ocr_line' id='line_1_4' title="bbox 249 767 1159 865; baseline 0.003 -28"><span class='ocrx_word' id='word_1_21' title='bbox 249 769 432 838; x_wconf 89' lang='lat' dir='ltr'>Dormiret.</span> <span class='ocrx_word' id='word_1_22' title='bbox 448 768 558 838; x_wconf 82' lang='lat' dir='ltr'><strong>Stulta</strong></span> <span class='ocrx_word' id='word_1_23' title='bbox 572 784 623 840; x_wconf 87' lang='lat' dir='ltr'>est</span> <span class='ocrx_word' id='word_1_24' title='bbox 638 767 832 853; x_wconf 88' lang='lat' dir='ltr'>clementia,</span> <span class='ocrx_word' id='word_1_25' title='bbox 849 795 953 864; x_wconf 88' lang='lat' dir='ltr'>quum</span> <span class='ocrx_word' id='word_1_26' title='bbox 969 785 1021 839; x_wconf 90' lang='lat' dir='ltr'>tot</span> <span class='ocrx_word' id='word_1_27' title='bbox 1036 770 1159 865; x_wconf 87' lang='lat' dir='ltr'>ubique</span> 
     </span>
     <span class='ocr_line' id='line_1_5' title="bbox 249 879 1064 973; baseline 0.002 -27"><span class='ocrx_word' id='word_1_28' title='bbox 249 879 392 947; x_wconf 87' lang='lat' dir='ltr'>Vatibus</span> <span class='ocrx_word' id='word_1_29' title='bbox 407 904 582 965; x_wconf 89' lang='lat' dir='ltr'>occurras,</span> <span class='ocrx_word' id='word_1_30' title='bbox 598 879 757 972; x_wconf 79' lang='lat' dir='ltr'>peritura</span> <span class='ocrx_word' id='word_1_31' title='bbox 774 901 913 973; x_wconf 87' lang='lat' dir='ltr'>parcere</span> <span class='ocrx_word' id='word_1_32' title='bbox 930 880 1064 951; x_wconf 77' lang='lat' dir='ltr'>charta.</span> 
     </span>
    </p>

    <p class='ocr_par' dir='ltr' id='par_1_3' title="bbox 298 987 1170 1084">
     <span class='ocr_line' id='line_1_6' title="bbox 298 987 1170 1084; baseline -0.001 -24"><span class='ocrx_word' id='word_1_33' title='bbox 298 992 369 1060; x_wconf 93' lang='lat' dir='ltr'>Cur</span> <span class='ocrx_word' id='word_1_34' title='bbox 384 1005 495 1057; x_wconf 89' lang='lat' dir='ltr'>tamen</span> <span class='ocrx_word' id='word_1_35' title='bbox 511 990 576 1058; x_wconf 90' lang='lat' dir='ltr'>hoc</span> <span class='ocrx_word' id='word_1_36' title='bbox 593 987 703 1083; x_wconf 89' lang='lat' dir='ltr'>potius</span> <span class='ocrx_word' id='word_1_37' title='bbox 719 988 820 1058; x_wconf 87' lang='lat' dir='ltr'>libeat</span> <span class='ocrx_word' id='word_1_38' title='bbox 836 987 1016 1058; x_wconf 84' lang='lat' dir='ltr'>decurrere</span> <span class='ocrx_word' id='word_1_39' title='bbox 1033 1013 1170 1084; x_wconf 89' lang='lat' dir='ltr'>campo,</span> 
     </span>
    </p>

    <p class='ocr_par' dir='ltr' id='par_1_4' title="bbox 250 1092 1315 1303">
     <span class='ocr_line' id='line_1_7' title="bbox 250 1092 1315 1194; baseline -0.005 -26"><span class='ocrx_word' id='word_1_40' title='bbox 250 1092 316 1168; x_wconf 86' lang='lat' dir='ltr'>Per</span> <span class='ocrx_word' id='word_1_41' title='bbox 331 1124 431 1193; x_wconf 92' lang='lat' dir='ltr'>quem</span> <span class='ocrx_word' id='word_1_42' title='bbox 446 1123 586 1194; x_wconf 86' lang='lat' dir='ltr'>magnus</span> <span class='ocrx_word' id='word_1_43' title='bbox 603 1123 705 1192; x_wconf 87' lang='lat' dir='ltr'>equos</span> <span class='ocrx_word' id='word_1_44' title='bbox 721 1100 888 1168; x_wconf 82' lang='lat' dir='ltr'>Auruncae</span> <span class='ocrx_word' id='word_1_45' title='bbox 906 1097 997 1165; x_wconf 85' lang='lat' dir='ltr'>llexit</span> <span class='ocrx_word' id='word_1_46' title='bbox 1012 1095 1183 1185; x_wconf 88' lang='lat' dir='ltr'>alumnus,</span> <span class='ocrx_word' id='word_1_47' title='bbox 1282 1129 1315 1164; x_wconf 67' lang='grc' dir='ltr'>ιο</span> 
     </span>
     <span class='ocr_line' id='line_1_8' title="bbox 250 1204 1114 1303; baseline -0.006 -26"><span class='ocrx_word' id='word_1_48' title='bbox 250 1207 286 1277; x_wconf 88' lang='lat' dir='ltr'>Si</span> <span class='ocrx_word' id='word_1_49' title='bbox 303 1223 414 1293; x_wconf 87' lang='lat' dir='ltr'>vacat,</span> <span class='ocrx_word' id='word_1_50' title='bbox 431 1223 465 1277; x_wconf 90' lang='lat' dir='ltr'>et</span> <span class='ocrx_word' id='word_1_51' title='bbox 480 1206 601 1303; x_wconf 89' lang='lat' dir='ltr'>placidi</span> <span class='ocrx_word' id='word_1_52' title='bbox 618 1208 783 1276; x_wconf 90' lang='lat' dir='ltr'>rationem</span> <span class='ocrx_word' id='word_1_53' title='bbox 799 1204 990 1288; x_wconf 83' lang='lat' dir='ltr'>admittitis,</span> <span class='ocrx_word' id='word_1_54' title='bbox 1008 1205 1114 1273; x_wconf 90' lang='lat' dir='ltr'>edam.</span> 
     </span>
    </p>

    <p class='ocr_par' dir='ltr' id='par_1_5' title="bbox 250 1313 1232 1632">
     <span class='ocr_line' id='line_1_9' title="bbox 298 1313 1232 1408; baseline -0.004 -23"><span class='ocrx_word' id='word_1_55' title='bbox 298 1317 412 1404; x_wconf 90' lang='lat' dir='ltr'>Quum</span> <span class='ocrx_word' id='word_1_56' title='bbox 429 1332 524 1385; x_wconf 88' lang='lat' dir='ltr'>tener</span> <span class='ocrx_word' id='word_1_57' title='bbox 538 1340 677 1384; x_wconf 84' lang='lat' dir='ltr'>uxorem</span> <span class='ocrx_word' id='word_1_58' title='bbox 693 1313 795 1383; x_wconf 85' lang='lat' dir='ltr'>ducat</span> <span class='ocrx_word' id='word_1_59' title='bbox 810 1313 930 1408; x_wconf 91' lang='lat' dir='ltr'>spad0;</span> <span class='ocrx_word' id='word_1_60' title='bbox 948 1313 1071 1382; x_wconf 86' lang='lat' dir='ltr'>Maevia</span> <span class='ocrx_word' id='word_1_61' title='bbox 1085 1315 1232 1384; x_wconf 85' lang='lat' dir='ltr'>Tuscum</span> 
     </span>
     <span class='ocr_line' id='line_1_10' title="bbox 250 1425 1139 1522; baseline -0.001 -25"><span class='ocrx_word' id='word_1_62' title='bbox 250 1428 346 1522; x_wconf 84' lang='lat' dir='ltr'>Figat</span> <span class='ocrx_word' id='word_1_63' title='bbox 362 1453 498 1522; x_wconf 86' lang='lat' dir='ltr'>aprum,</span> <span class='ocrx_word' id='word_1_64' title='bbox 515 1443 549 1497; x_wconf 91' lang='lat' dir='ltr'>et</span> <span class='ocrx_word' id='word_1_65' title='bbox 564 1427 655 1495; x_wconf 94' lang='lat' dir='ltr'>nuda</span> <span class='ocrx_word' id='word_1_66' title='bbox 671 1441 785 1508; x_wconf 82' lang='lat' dir='ltr'>teneat</span> <span class='ocrx_word' id='word_1_67' title='bbox 798 1425 963 1494; x_wconf 86' lang='lat' dir='ltr'>venabula</span> <span class='ocrx_word' id='word_1_68' title='bbox 978 1449 1139 1512; x_wconf 79' lang='lat' dir='ltr'>mamme3</span> 
     </span>
     <span class='ocr_line' id='line_1_11' title="bbox 251 1539 1096 1632; baseline -0.001 -25"><span class='ocrx_word' id='word_1_69' title='bbox 251 1539 412 1610; x_wconf 91' lang='lat' dir='ltr'>Patricios</span> <span class='ocrx_word' id='word_1_70' title='bbox 427 1565 543 1608; x_wconf 90' lang='lat' dir='ltr'>omnes</span> <span class='ocrx_word' id='word_1_71' title='bbox 558 1540 677 1632; x_wconf 91' lang='lat' dir='ltr'>opibus</span> <span class='ocrx_word' id='word_1_72' title='bbox 692 1562 796 1631; x_wconf 88' lang='lat' dir='ltr'>quum</span> <span class='ocrx_word' id='word_1_73' title='bbox 812 1551 975 1631; x_wconf 88' lang='lat' dir='ltr'>provocet</span> <span class='ocrx_word' id='word_1_74' title='bbox 990 1561 1096 1623; x_wconf 90' lang='lat' dir='ltr'>unus,</span> 
     </span>
    </p>

    <p class='ocr_par' dir='ltr' id='par_1_6' title="bbox 251 1647 1314 1963">
     <span class='ocr_line' id='line_1_12' title="bbox 251 1647 1314 1743; baseline -0.004 -25"><span class='ocrx_word' id='word_1_75' title='bbox 251 1648 329 1735; x_wconf 90' lang='lat' dir='ltr'>Quo</span> <span class='ocrx_word' id='word_1_76' title='bbox 345 1649 523 1734; x_wconf 90' lang='lat' dir='ltr'>tondente,</span> <span class='ocrx_word' id='word_1_77' title='bbox 539 1649 649 1743; x_wconf 86' lang='lat' dir='ltr'>gravis</span> <span class='ocrx_word' id='word_1_78' title='bbox 663 1647 779 1740; x_wconf 86' lang='lat' dir='ltr'>juveni</span> <span class='ocrx_word' id='word_1_79' title='bbox 795 1648 877 1718; x_wconf 90' lang='lat' dir='ltr'>mihi</span> <span class='ocrx_word' id='word_1_80' title='bbox 894 1649 997 1717; x_wconf 87' lang='lat' dir='ltr'>barba</span> <span class='ocrx_word' id='word_1_81' title='bbox 1013 1647 1168 1734; x_wconf 74' lang='lat' dir='ltr'>sonabat,</span> <span class='ocrx_word' id='word_1_82' title='bbox 1283 1661 1314 1714; x_wconf 76' lang='lat'>25</span> 
     </span>
     <span class='ocr_line' id='line_1_13' title="bbox 251 1756 1134 1853; baseline -0.007 -25"><span class='ocrx_word' id='word_1_83' title='bbox 251 1758 366 1845; x_wconf 91' lang='lat' dir='ltr'>Quum</span> <span class='ocrx_word' id='word_1_84' title='bbox 383 1783 458 1853; x_wconf 86' lang='lat' dir='ltr'>pars</span> <span class='ocrx_word' id='word_1_85' title='bbox 474 1757 611 1828; x_wconf 83' lang='lat' dir='ltr'>Niliacae</span> <span class='ocrx_word' id='word_1_86' title='bbox 627 1757 749 1853; x_wconf 90' lang='lat' dir='ltr'>plebis,</span> <span class='ocrx_word' id='word_1_87' title='bbox 765 1782 868 1851; x_wconf 91' lang='lat' dir='ltr'>quum</span> <span class='ocrx_word' id='word_1_88' title='bbox 884 1779 989 1824; x_wconf 85' lang='lat' dir='ltr'>verna</span> <span class='ocrx_word' id='word_1_89' title='bbox 1004 1756 1134 1850; x_wconf 86' lang='lat' dir='ltr'>Canopi</span> 
     </span>
     <span class='ocr_line' id='line_1_14' title="bbox 252 1864 1114 1963; baseline -0.003 -26"><span class='ocrx_word' id='word_1_90' title='bbox 252 1869 443 1961; x_wconf 87' lang='lat' dir='ltr'>Crispinus,</span> <span class='ocrx_word' id='word_1_91' title='bbox 459 1870 577 1963; x_wconf 87' lang='lat' dir='ltr'>Tyrias</span> <span class='ocrx_word' id='word_1_92' title='bbox 592 1869 735 1936; x_wconf 90' lang='lat' dir='ltr'>humero</span> <span class='ocrx_word' id='word_1_93' title='bbox 751 1879 930 1935; x_wconf 90' lang='lat' dir='ltr'>revocante</span> <span class='ocrx_word' id='word_1_94' title='bbox 948 1864 1114 1950; x_wconf 87' lang='lat' dir='ltr'>lacernas,</span> 
     </span>
    </p>

    <p class='ocr_par' dir='ltr' id='par_1_7' title="bbox 253 1974 1059 2074">
     <span class='ocr_line' id='line_1_15' title="bbox 253 1974 1059 2074; baseline 0 -30"><span class='ocrx_word' id='word_1_95' title='bbox 253 1977 405 2046; x_wconf 86' lang='lat' dir='ltr'>Ventilet</span> <span class='ocrx_word' id='word_1_96' title='bbox 420 1979 570 2046; x_wconf 72' lang='lat' dir='ltr'>aestivum</span> <span class='ocrx_word' id='word_1_97' title='bbox 586 1977 697 2074; x_wconf 80' lang='lat' dir='ltr'>digitis</span> <span class='ocrx_word' id='word_1_98' title='bbox 713 1974 911 2045; x_wconf 87' lang='lat' dir='ltr'>sudantibus.</span> <span class='ocrx_word' id='word_1_99' title='bbox 923 2000 1059 2061; x_wconf 86' lang='lat' dir='ltr'>aurum,</span> 
     </span>
    </p>

    <p class='ocr_par' dir='ltr' id='par_1_8' title="bbox 254 2084 1090 2180">
     <span class='ocr_line' id='line_1_16' title="bbox 254 2084 1090 2180; baseline -0.002 -26"><span class='ocrx_word' id='word_1_100' title='bbox 254 2088 329 2155; x_wconf 89' lang='lat' dir='ltr'>Nec</span> <span class='ocrx_word' id='word_1_101' title='bbox 344 2084 484 2153; x_wconf 80' lang='lat' dir='ltr'>sufferre</span> <span class='ocrx_word' id='word_1_102' title='bbox 500 2100 600 2179; x_wconf 88' lang='lat' dir='ltr'>queat</span> <span class='ocrx_word' id='word_1_103' title='bbox 615 2085 751 2178; x_wconf 91' lang='lat' dir='ltr'>majoris</span> <span class='ocrx_word' id='word_1_104' title='bbox 767 2084 918 2180; x_wconf 90' lang='lat' dir='ltr'>pondera</span> <span class='ocrx_word' id='word_1_105' title='bbox 933 2109 1090 2177; x_wconf 83' lang='lat' dir='ltr'>gemmae;</span> 
     </span>
    </p>

    <p class='ocr_par' dir='ltr' id='par_1_9' title="bbox 254 2191 1316 2397">
     <span class='ocr_line' id='line_1_17' title="bbox 254 2191 1316 2286; baseline -0.003 -24"><span class='ocrx_word' id='word_1_106' title='bbox 254 2193 402 2264; x_wconf 88' lang='lat' dir='ltr'>Difficile</span> <span class='ocrx_word' id='word_1_107' title='bbox 419 2209 469 2262; x_wconf 89' lang='lat' dir='ltr'>est</span> <span class='ocrx_word' id='word_1_108' title='bbox 484 2195 615 2263; x_wconf 89' lang='lat' dir='ltr'>satiram</span> <span class='ocrx_word' id='word_1_109' title='bbox 635 2218 704 2262; x_wconf 92' lang='lat' dir='ltr'>non</span> <span class='ocrx_word' id='word_1_110' title='bbox 720 2194 866 2262; x_wconf 88' lang='lat' dir='ltr'>scribere</span> <span class='ocrx_word' id='word_1_111' title='bbox 881 2219 889 2260; x_wconf 74' lang='grc' dir='ltr'><strong>ε</strong></span> <span class='ocrx_word' id='word_1_112' title='bbox 907 2217 983 2260; x_wconf 88' lang='lat' dir='ltr'>nam</span> <span class='ocrx_word' id='word_1_113' title='bbox 1000 2193 1073 2286; x_wconf 89' lang='lat' dir='ltr'>quis</span> <span class='ocrx_word' id='word_1_114' title='bbox 1090 2191 1213 2285; x_wconf 82' lang='lat' dir='ltr'>iniqua·</span> <span class='ocrx_word' id='word_1_115' title='bbox 1282 2208 1316 2261; x_wconf 83' lang='lat'>30</span> 
     </span>
     <span class='ocr_line' id='line_1_18' title="bbox 255 2299 1102 2397; baseline 0 -27"><span class='ocrx_word' id='word_1_116' title='bbox 255 2303 337 2371; x_wconf 88' lang='lat' dir='ltr'>Tam</span> <span class='ocrx_word' id='word_1_117' title='bbox 354 2303 483 2397; x_wconf 89' lang='lat' dir='ltr'>patiens</span> <span class='ocrx_word' id='word_1_118' title='bbox 497 2302 606 2390; x_wconf 89' lang='lat' dir='ltr'>urbis,</span> <span class='ocrx_word' id='word_1_119' title='bbox 623 2318 690 2371; x_wconf 87' lang='lat' dir='ltr'>tarn</span> <span class='ocrx_word' id='word_1_120' title='bbox 706 2299 852 2387; x_wconf 88' lang='lat' dir='ltr'>ferreus,</span> <span class='ocrx_word' id='word_1_121' title='bbox 867 2315 907 2369; x_wconf 92' lang='lat' dir='ltr'>ut</span> <span class='ocrx_word' id='word_1_122' title='bbox 922 2315 1034 2370; x_wconf 87' lang='lat' dir='ltr'>teneat</span> <span class='ocrx_word' id='word_1_123' title='bbox 1049 2325 1102 2386; x_wconf 91' lang='lat' dir='ltr'>se,</span> 
     </span>
    </p>
   </div>
   <div class='ocr_carea' id='block_1_3' title="bbox 253 2503 1321 4240">
    <p class='ocr_par' dir='ltr' id='par_1_10' title="bbox 253 2503 1319 2950">
     <span class='ocr_line' id='line_1_19' title="bbox 256 2503 1317 2584; baseline -0.003 -21"><span class='ocrx_word' id='word_1_124' title='bbox 256 2523 310 2582; x_wconf 88' lang='lat' dir='ltr'>ego</span> <span class='ocrx_word' id='word_1_125' title='bbox 324 2506 409 2584; x_wconf 84' lang='lat' dir='ltr'>etiam</span> <span class='ocrx_word' id='word_1_126' title='bbox 422 2508 531 2564; x_wconf 87' lang='lat' dir='ltr'>scholas</span> <span class='ocrx_word' id='word_1_127' title='bbox 541 2507 670 2584; x_wconf 83' lang='lat' dir='ltr'>magistri</span> <span class='ocrx_word' id='word_1_128' title='bbox 681 2503 824 2582; x_wconf 83' lang='lat' dir='ltr'>flagellum</span> <span class='ocrx_word' id='word_1_129' title='bbox 839 2505 961 2564; x_wconf 86' lang='lat' dir='ltr'>sublime</span> <span class='ocrx_word' id='word_1_130' title='bbox 970 2505 1128 2562; x_wconf 85' lang='lat' dir='ltr'>minitantis</span> <span class='ocrx_word' id='word_1_131' title='bbox 1136 2504 1317 2580; x_wconf 76' lang='lat' dir='ltr'>frequentari</span> 
     </span>
     <span class='ocr_line' id='line_1_20' title="bbox 255 2597 1319 2675; baseline 0 -21"><span class='ocrx_word' id='word_1_132' title='bbox 255 2599 341 2668; x_wconf 89' lang='lat' dir='ltr'>olim;</span> <span class='ocrx_word' id='word_1_133' title='bbox 352 2610 381 2656; x_wconf 91' lang='lat' dir='ltr'>et</span> <span class='ocrx_word' id='word_1_134' title='bbox 390 2597 484 2669; x_wconf 84' lang='lat' dir='ltr'>fictas,</span> <span class='ocrx_word' id='word_1_135' title='bbox 494 2597 705 2655; x_wconf 83' lang='lat' dir='ltr'>exercitationis</span> <span class='ocrx_word' id='word_1_136' title='bbox 715 2600 819 2674; x_wconf 79' lang='lat' dir='ltr'>gratia,</span> <span class='ocrx_word' id='word_1_137' title='bbox 830 2617 925 2655; x_wconf 76' lang='lat' dir='ltr'>musas</span> <span class='ocrx_word' id='word_1_138' title='bbox 935 2599 997 2675; x_wconf 86' lang='lat' dir='ltr'>egi,</span> <span class='ocrx_word' id='word_1_139' title='bbox 1008 2617 1097 2675; x_wconf 86' lang='lat' dir='ltr'>quum</span> <span class='ocrx_word' id='word_1_140' title='bbox 1106 2599 1213 2673; x_wconf 80' lang='lat' dir='ltr'>Syllam</span> <span class='ocrx_word' id='word_1_141' title='bbox 1221 2598 1319 2654; x_wconf 84' lang='lat' dir='ltr'>horta-</span> 
     </span>
     <span class='ocr_line' id='line_1_21' title="bbox 254 2687 1317 2765; baseline -0.002 -19"><span class='ocrx_word' id='word_1_142' title='bbox 254 2707 323 2760; x_wconf 80' lang='lat' dir='ltr'>rer,</span> <span class='ocrx_word' id='word_1_143' title='bbox 334 2701 381 2762; x_wconf 92' lang='lat' dir='ltr'>ut,</span> <span class='ocrx_word' id='word_1_144' title='bbox 391 2691 500 2747; x_wconf 87' lang='lat' dir='ltr'>omissis</span> <span class='ocrx_word' id='word_1_145' title='bbox 509 2689 672 2765; x_wconf 68' lang='lat' dir='ltr'>reipublicae</span> <span class='ocrx_word' id='word_1_146' title='bbox 683 2689 772 2760; x_wconf 87' lang='lat' dir='ltr'>curis,</span> <span class='ocrx_word' id='word_1_147' title='bbox 784 2689 812 2744; x_wconf 91' lang='lat' dir='ltr'>in</span> <span class='ocrx_word' id='word_1_148' title='bbox 826 2690 886 2746; x_wconf 88' lang='lat' dir='ltr'>otio</span> <span class='ocrx_word' id='word_1_149' title='bbox 897 2689 1028 2763; x_wconf 82' lang='lat' dir='ltr'>privatus</span> <span class='ocrx_word' id='word_1_150' title='bbox 1039 2689 1138 2764; x_wconf 87' lang='lat' dir='ltr'>sopori</span> <span class='ocrx_word' id='word_1_151' title='bbox 1149 2691 1207 2746; x_wconf 86' lang='lat' dir='ltr'>alto</span> <span class='ocrx_word' id='word_1_152' title='bbox 1218 2687 1317 2744; x_wconf 89' lang='lat' dir='ltr'>indul-</span> 
     </span>
     <span class='ocr_line' id='line_1_22' title="bbox 253 2781 1316 2860; baseline -0.001 -21"><span class='ocrx_word' id='word_1_153' title='bbox 253 2793 346 2860; x_wconf 81' lang='lat' dir='ltr'>geret.</span> <span class='ocrx_word' id='word_1_154' title='bbox 364 2781 473 2851; x_wconf 90' lang='lat' dir='ltr'>Quidni</span> <span class='ocrx_word' id='word_1_155' title='bbox 484 2801 553 2859; x_wconf 82' lang='lat' dir='ltr'>ergo</span> <span class='ocrx_word' id='word_1_156' title='bbox 564 2782 702 2852; x_wconf 84' lang='lat' dir='ltr'>scribam,</span> <span class='ocrx_word' id='word_1_157' title='bbox 716 2794 765 2838; x_wconf 87' lang='lat' dir='ltr'>ant</span> <span class='ocrx_word' id='word_1_158' title='bbox 775 2801 828 2840; x_wconf 87' lang='lat' dir='ltr'>cur</span> <span class='ocrx_word' id='word_1_159' title='bbox 837 2783 923 2838; x_wconf 84' lang='lat' dir='ltr'>stulte</span> <span class='ocrx_word' id='word_1_160' title='bbox 933 2784 1056 2839; x_wconf 87' lang='lat' dir='ltr'>clemens</span> <span class='ocrx_word' id='word_1_161' title='bbox 1065 2800 1179 2856; x_wconf 89' lang='lat' dir='ltr'>parcam</span> <span class='ocrx_word' id='word_1_162' title='bbox 1191 2799 1316 2857; x_wconf 79' lang='lat' dir='ltr'>papyro,</span> 
     </span>
     <span class='ocr_line' id='line_1_23' title="bbox 254 2873 1318 2950; baseline -0.001 -19"><span class='ocrx_word' id='word_1_163' title='bbox 254 2895 343 2950; x_wconf 89' lang='lat' dir='ltr'>quam</span> <span class='ocrx_word' id='word_1_164' title='bbox 354 2887 398 2930; x_wconf 88' lang='lat' dir='ltr'>tot</span> <span class='ocrx_word' id='word_1_165' title='bbox 407 2875 536 2950; x_wconf 87' lang='lat' dir='ltr'>quotidie</span> <span class='ocrx_word' id='word_1_166' title='bbox 547 2887 624 2931; x_wconf 81' lang='lat' dir='ltr'>vates</span> <span class='ocrx_word' id='word_1_167' title='bbox 636 2873 775 2949; x_wconf 80' lang='lat' dir='ltr'>imperiti,</span> <span class='ocrx_word' id='word_1_168' title='bbox 788 2886 817 2932; x_wconf 85' lang='lat' dir='ltr'>et</span> <span class='ocrx_word' id='word_1_169' title='bbox 826 2876 928 2950; x_wconf 88' lang='lat' dir='ltr'>passim</span> <span class='ocrx_word' id='word_1_170' title='bbox 938 2875 1035 2945; x_wconf 82' lang='lat' dir='ltr'>obvii,</span> <span class='ocrx_word' id='word_1_171' title='bbox 1044 2877 1116 2932; x_wconf 88' lang='lat' dir='ltr'>male</span> <span class='ocrx_word' id='word_1_172' title='bbox 1127 2875 1318 2932; x_wconf 78' lang='lat' dir='ltr'>consumunt?</span> 
     </span>
    </p>

    <p class='ocr_par' dir='ltr' id='par_1_11' title="bbox 259 2965 1319 3321">
     <span class='ocr_line' id='line_1_24' title="bbox 298 2965 1318 3042; baseline 0 -19"><span class='ocrx_word' id='word_1_173' title='bbox 298 2988 326 3042; x_wconf 88' lang='lat'>9.</span> <span class='ocrx_word' id='word_1_174' title='bbox 344 2967 431 3038; x_wconf 90' lang='lat' dir='ltr'>Quod</span> <span class='ocrx_word' id='word_1_175' title='bbox 440 2968 464 3024; x_wconf 90' lang='lat' dir='ltr'>si</span> <span class='ocrx_word' id='word_1_176' title='bbox 473 2967 536 3041; x_wconf 89' lang='lat' dir='ltr'>quis</span> <span class='ocrx_word' id='word_1_177' title='bbox 545 2977 637 3022; x_wconf 86' lang='lat' dir='ltr'>tamen</span> <span class='ocrx_word' id='word_1_178' title='bbox 646 2966 804 3042; x_wconf 86' lang='lat' dir='ltr'>rogaverit,</span> <span class='ocrx_word' id='word_1_179' title='bbox 814 2986 867 3022; x_wconf 84' lang='lat' dir='ltr'>cua</span> <span class='ocrx_word' id='word_1_180' title='bbox 874 2968 929 3023; x_wconf 90' lang='lat' dir='ltr'>hoc</span> <span class='ocrx_word' id='word_1_181' title='bbox 938 2967 1053 3023; x_wconf 88' lang='lat' dir='ltr'>satirico</span> <span class='ocrx_word' id='word_1_182' title='bbox 1063 2965 1206 3023; x_wconf 84' lang='lat' dir='ltr'>scribendi</span> <span class='ocrx_word' id='word_1_183' title='bbox 1215 2985 1318 3042; x_wconf 84' lang='lat' dir='ltr'>geuene</span> 
     </span>
     <span class='ocr_line' id='line_1_25' title="bbox 259 3058 1318 3134; baseline -0.001 -17"><span class='ocrx_word' id='word_1_184' title='bbox 259 3061 397 3131; x_wconf 88' lang='lat' dir='ltr'>delecter,</span> <span class='ocrx_word' id='word_1_185' title='bbox 410 3063 440 3116; x_wconf 88' lang='lat' dir='ltr'>in</span> <span class='ocrx_word' id='word_1_186' title='bbox 451 3080 509 3134; x_wconf 86' lang='lat' dir='ltr'>quo</span> <span class='ocrx_word' id='word_1_187' title='bbox 517 3059 643 3116; x_wconf 87' lang='lat' dir='ltr'>Lucilius</span> <span class='ocrx_word' id='word_1_188' title='bbox 657 3061 797 3115; x_wconf 80' lang='lat' dir='ltr'>Auruncae</span> <span class='ocrx_word' id='word_1_189' title='bbox 810 3069 907 3127; x_wconf 84' lang='lat' dir='ltr'>natus,</span> <span class='ocrx_word' id='word_1_190' title='bbox 922 3069 1056 3133; x_wconf 85' lang='lat' dir='ltr'>tanquam</span> <span class='ocrx_word' id='word_1_191' title='bbox 1067 3058 1098 3114; x_wconf 89' lang='lat' dir='ltr'>in</span> <span class='ocrx_word' id='word_1_192' title='bbox 1108 3069 1223 3134; x_wconf 84' lang='lat' dir='ltr'>patente</span> <span class='ocrx_word' id='word_1_193' title='bbox 1233 3058 1318 3116; x_wconf 85' lang='lat' dir='ltr'>Circo</span> 
     </span>
     <span class='ocr_line' id='line_1_26' title="bbox 259 3149 1319 3227; baseline -0.006 -15"><span class='ocrx_word' id='word_1_194' title='bbox 259 3154 429 3227; x_wconf 82' lang='lat' dir='ltr'>exspatiatus</span> <span class='ocrx_word' id='word_1_195' title='bbox 437 3164 494 3222; x_wconf 87' lang='lat' dir='ltr'>est;</span> <span class='ocrx_word' id='word_1_196' title='bbox 505 3151 598 3208; x_wconf 88' lang='lat' dir='ltr'>dicam</span> <span class='ocrx_word' id='word_1_197' title='bbox 609 3169 687 3222; x_wconf 88' lang='lat' dir='ltr'>sane,</span> <span class='ocrx_word' id='word_1_198' title='bbox 696 3151 721 3207; x_wconf 90' lang='lat' dir='ltr'>si</span> <span class='ocrx_word' id='word_1_199' title='bbox 729 3151 812 3208; x_wconf 85' lang='lat' dir='ltr'>vobis</span> <span class='ocrx_word' id='word_1_200' title='bbox 821 3149 921 3208; x_wconf 86' lang='lat' dir='ltr'>audire</span> <span class='ocrx_word' id='word_1_201' title='bbox 929 3161 1024 3222; x_wconf 83' lang='lat' dir='ltr'>vacat,</span> <span class='ocrx_word' id='word_1_202' title='bbox 1036 3149 1098 3208; x_wconf 84' lang='lat' dir='ltr'>etsi</span> <span class='ocrx_word' id='word_1_203' title='bbox 1107 3151 1194 3226; x_wconf 77' lang='lat' dir='ltr'>aequis</span> <span class='ocrx_word' id='word_1_204' title='bbox 1202 3151 1319 3206; x_wconf 87' lang='lat' dir='ltr'>auribus</span> 
     </span>
     <span class='ocr_line' id='line_1_27' title="bbox 259 3245 550 3321; baseline -0.01 -16"><span class='ocrx_word' id='word_1_205' title='bbox 259 3247 400 3305; x_wconf 88' lang='lat' dir='ltr'>dicentem</span> <span class='ocrx_word' id='word_1_206' title='bbox 416 3245 550 3321; x_wconf 86' lang='lat' dir='ltr'>accipitis.</span> 
     </span>
    </p>

    <p class='ocr_par' dir='ltr' id='par_1_12' title="bbox 259 3333 1321 4240">
     <span class='ocr_line' id='line_1_28' title="bbox 301 3333 1320 3410; baseline -0.006 -16"><span class='ocrx_word' id='word_1_207' title='bbox 301 3358 347 3396; x_wconf 80' lang='lat' dir='ltr'>aa.</span> <span class='ocrx_word' id='word_1_208' title='bbox 371 3339 498 3397; x_wconf 90' lang='lat' dir='ltr'>Omnino</span> <span class='ocrx_word' id='word_1_209' title='bbox 509 3336 625 3394; x_wconf 85' lang='lat' dir='ltr'>difficile</span> <span class='ocrx_word' id='word_1_210' title='bbox 637 3347 679 3392; x_wconf 84' lang='lat' dir='ltr'>est</span> <span class='ocrx_word' id='word_1_211' title='bbox 692 3356 708 3391; x_wconf 84' lang='lat' dir='ltr'>a</span> <span class='ocrx_word' id='word_1_212' title='bbox 721 3335 871 3393; x_wconf 83' lang='lat' dir='ltr'>scribenda</span> <span class='ocrx_word' id='word_1_213' title='bbox 883 3336 968 3392; x_wconf 88' lang='lat' dir='ltr'>satira</span> <span class='ocrx_word' id='word_1_214' title='bbox 980 3345 1153 3410; x_wconf 86' lang='lat' dir='ltr'>temperare,</span> <span class='ocrx_word' id='word_1_215' title='bbox 1170 3351 1259 3409; x_wconf 86' lang='lat' dir='ltr'>quum</span> <span class='ocrx_word' id='word_1_216' title='bbox 1273 3333 1320 3389; x_wconf 87' lang='lat' dir='ltr'>in-</span> 
     </span>
     <span class='ocr_line' id='line_1_29' title="bbox 261 3423 1320 3500; baseline -0.008 -13"><span class='ocrx_word' id='word_1_217' title='bbox 261 3443 345 3487; x_wconf 87' lang='lat' dir='ltr'>tueor</span> <span class='ocrx_word' id='word_1_218' title='bbox 359 3450 375 3486; x_wconf 85' lang='lat' dir='ltr'>a</span> <span class='ocrx_word' id='word_1_219' title='bbox 388 3430 508 3486; x_wconf 89' lang='lat' dir='ltr'>molliet</span> <span class='ocrx_word' id='word_1_220' title='bbox 519 3427 681 3485; x_wconf 79' lang='lat' dir='ltr'>effeminato</span> <span class='ocrx_word' id='word_1_221' title='bbox 694 3425 826 3486; x_wconf 74' lang='lat' dir='ltr'>eunucho</span> <span class='ocrx_word' id='word_1_222' title='bbox 839 3445 959 3483; x_wconf 84' lang='lat' dir='ltr'>uxorem</span> <span class='ocrx_word' id='word_1_223' title='bbox 977 3426 1058 3496; x_wconf 89' lang='lat' dir='ltr'>duci;</span> <span class='ocrx_word' id='word_1_224' title='bbox 1071 3423 1243 3500; x_wconf 85' lang='lat' dir='ltr'>impudicam</span> <span class='ocrx_word' id='word_1_225' title='bbox 1254 3443 1320 3480; x_wconf 90' lang='lat' dir='ltr'>ruu-</span> 
     </span>
     <span class='ocr_line' id='line_1_30' title="bbox 259 3507 1319 3596; baseline -0.006 -18"><span class='ocrx_word' id='word_1_226' title='bbox 259 3523 359 3578; x_wconf 87' lang='lat' dir='ltr'>lierem</span> <span class='ocrx_word' id='word_1_227' title='bbox 373 3521 504 3576; x_wconf 71' lang='lat' dir='ltr'>Maesium</span> <span class='ocrx_word' id='word_1_228' title='bbox 516 3521 607 3596; x_wconf 84' lang='lat' dir='ltr'>figere</span> <span class='ocrx_word' id='word_1_229' title='bbox 620 3539 705 3594; x_wconf 83' lang='lat' dir='ltr'>apros</span> <span class='ocrx_word' id='word_1_230' title='bbox 720 3507 870 3590; x_wconf 81' lang='lat' dir='ltr'>Etruscos,</span> <span class='ocrx_word' id='word_1_231' title='bbox 883 3531 912 3574; x_wconf 88' lang='lat' dir='ltr'>et</span> <span class='ocrx_word' id='word_1_232' title='bbox 926 3518 1004 3574; x_wconf 82' lang='lat' dir='ltr'>nuda</span> <span class='ocrx_word' id='word_1_233' title='bbox 1016 3534 1137 3572; x_wconf 87' lang='lat' dir='ltr'>mamma</span> <span class='ocrx_word' id='word_1_234' title='bbox 1152 3525 1250 3572; x_wconf 84' lang='lat' dir='ltr'>tenere</span> <span class='ocrx_word' id='word_1_235' title='bbox 1265 3516 1319 3572; x_wconf 86' lang='lat' dir='ltr'>tela</span> 
     </span>
     <span class='ocr_line' id='line_1_31' title="bbox 260 3605 1320 3688; baseline -0.006 -18"><span class='ocrx_word' id='word_1_236' title='bbox 260 3614 421 3683; x_wconf 74' lang='lat' dir='ltr'>venatoria,</span> <span class='ocrx_word' id='word_1_237' title='bbox 436 3631 525 3688; x_wconf 87' lang='lat' dir='ltr'>quum</span> <span class='ocrx_word' id='word_1_238' title='bbox 536 3611 708 3667; x_wconf 81' lang='lat' dir='ltr'>videohunc</span> <span class='ocrx_word' id='word_1_239' title='bbox 721 3623 881 3681; x_wconf 87' lang='lat' dir='ltr'>tonsorem,</span> <span class='ocrx_word' id='word_1_240' title='bbox 894 3610 944 3684; x_wconf 90' lang='lat' dir='ltr'>qni</span> <span class='ocrx_word' id='word_1_241' title='bbox 952 3609 1024 3663; x_wconf 87' lang='lat' dir='ltr'>mihi</span> <span class='ocrx_word' id='word_1_242' title='bbox 1031 3606 1131 3681; x_wconf 82' lang='lat' dir='ltr'>juveni</span> <span class='ocrx_word' id='word_1_243' title='bbox 1141 3605 1259 3663; x_wconf 83' lang='lat' dir='ltr'>barbam</span> <span class='ocrx_word' id='word_1_244' title='bbox 1270 3627 1320 3664; x_wconf 83' lang='lat' dir='ltr'>so-</span> 
     </span>
     <span class='ocr_line' id='line_1_32' title="bbox 260 3697 1321 3778; baseline -0.006 -18"><span class='ocrx_word' id='word_1_245' title='bbox 260 3715 377 3760; x_wconf 86' lang='lat' dir='ltr'>nantem</span> <span class='ocrx_word' id='word_1_246' title='bbox 386 3704 517 3774; x_wconf 87' lang='lat' dir='ltr'>radebat,</span> <span class='ocrx_word' id='word_1_247' title='bbox 524 3701 687 3778; x_wconf 77' lang='lat' dir='ltr'>pervenisse</span> <span class='ocrx_word' id='word_1_248' title='bbox 693 3702 730 3758; x_wconf 88' lang='lat' dir='ltr'>ad</span> <span class='ocrx_word' id='word_1_249' title='bbox 737 3721 782 3759; x_wconf 89' lang='lat' dir='ltr'>eas</span> <span class='ocrx_word' id='word_1_250' title='bbox 789 3721 857 3777; x_wconf 85' lang='lat' dir='ltr'>opes</span> <span class='ocrx_word' id='word_1_251' title='bbox 864 3743 871 3771; x_wconf 92' lang='lat'>,</span> <span class='ocrx_word' id='word_1_252' title='bbox 878 3712 911 3758; x_wconf 92' lang='lat' dir='ltr'>nt</span> <span class='ocrx_word' id='word_1_253' title='bbox 918 3719 982 3757; x_wconf 91' lang='lat' dir='ltr'>cum</span> <span class='ocrx_word' id='word_1_254' title='bbox 989 3697 1110 3774; x_wconf 88' lang='lat' dir='ltr'>patricio</span> <span class='ocrx_word' id='word_1_255' title='bbox 1117 3699 1247 3774; x_wconf 90' lang='lat' dir='ltr'>quolibet</span> <span class='ocrx_word' id='word_1_256' title='bbox 1254 3717 1321 3755; x_wconf 89' lang='lat' dir='ltr'>con·</span> 
     </span>
     <span class='ocr_line' id='line_1_33' title="bbox 261 3791 1320 3873; baseline -0.007 -19"><span class='ocrx_word' id='word_1_257' title='bbox 261 3797 373 3855; x_wconf 84' lang='lat' dir='ltr'>tendat:</span> <span class='ocrx_word' id='word_1_258' title='bbox 382 3817 470 3873; x_wconf 87' lang='lat' dir='ltr'>quum</span> <span class='ocrx_word' id='word_1_259' title='bbox 481 3795 628 3870; x_wconf 86' lang='lat' dir='ltr'>Crispinus</span> <span class='ocrx_word' id='word_1_260' title='bbox 638 3812 672 3850; x_wconf 87' lang='lat' dir='ltr'>ex</span> <span class='ocrx_word' id='word_1_261' title='bbox 680 3795 883 3870; x_wconf 77' lang='lat' dir='ltr'>AEgyptiorum</span> <span class='ocrx_word' id='word_1_262' title='bbox 891 3791 1098 3866; x_wconf 85' lang='lat' dir='ltr'>mancipiorum</span> <span class='ocrx_word' id='word_1_263' title='bbox 1106 3791 1172 3848; x_wconf 75' lang='lat' dir='ltr'>laece</span> <span class='ocrx_word' id='word_1_264' title='bbox 1179 3801 1320 3862; x_wconf 77' lang='lat' dir='ltr'>emeram,</span> 
     </span>
     <span class='ocr_line' id='line_1_34' title="bbox 262 3882 1320 3964; baseline -0.009 -18"><span class='ocrx_word' id='word_1_265' title='bbox 262 3901 291 3948; x_wconf 89' lang='lat' dir='ltr'>et</span> <span class='ocrx_word' id='word_1_266' title='bbox 300 3891 417 3964; x_wconf 87' lang='lat' dir='ltr'>Canopo</span> <span class='ocrx_word' id='word_1_267' title='bbox 427 3888 500 3944; x_wconf 89' lang='lat' dir='ltr'>urbe</span> <span class='ocrx_word' id='word_1_268' title='bbox 508 3887 631 3961; x_wconf 87' lang='lat' dir='ltr'>elapsus,</span> <span class='ocrx_word' id='word_1_269' title='bbox 640 3903 797 3958; x_wconf 83' lang='lat' dir='ltr'>purpureas</span> <span class='ocrx_word' id='word_1_270' title='bbox 805 3885 930 3940; x_wconf 83' lang='lat' dir='ltr'>lacernas</span> <span class='ocrx_word' id='word_1_271' title='bbox 939 3882 1065 3939; x_wconf 84' lang='lat' dir='ltr'>molliter</span> <span class='ocrx_word' id='word_1_272' title='bbox 1073 3883 1104 3938; x_wconf 91' lang='lat' dir='ltr'>in</span> <span class='ocrx_word' id='word_1_273' title='bbox 1111 3882 1263 3938; x_wconf 84' lang='lat' dir='ltr'>humerum</span> <span class='ocrx_word' id='word_1_274' title='bbox 1272 3901 1320 3938; x_wconf 85' lang='lat' dir='ltr'>re-</span> 
     </span>
     <span class='ocr_line' id='line_1_35' title="bbox 259 3972 1321 4056; baseline -0.008 -20"><span class='ocrx_word' id='word_1_275' title='bbox 259 3982 352 4056; x_wconf 79' lang='lat' dir='ltr'>jiciat,</span> <span class='ocrx_word' id='word_1_276' title='bbox 362 3983 557 4052; x_wconf 81' lang='lat' dir='ltr'>exsertamqne</span> <span class='ocrx_word' id='word_1_277' title='bbox 567 3976 743 4051; x_wconf 85' lang='lat' dir='ltr'>protendens</span> <span class='ocrx_word' id='word_1_278' title='bbox 755 3993 884 4045; x_wconf 85' lang='lat' dir='ltr'>manum,</span> <span class='ocrx_word' id='word_1_279' title='bbox 898 3975 985 4048; x_wconf 87' lang='lat' dir='ltr'>jactet</span> <span class='ocrx_word' id='word_1_280' title='bbox 995 3973 1100 4050; x_wconf 80' lang='lat' dir='ltr'>digitos</span> <span class='ocrx_word' id='word_1_281' title='bbox 1110 3972 1221 4028; x_wconf 89' lang='lat' dir='ltr'>annulis</span> <span class='ocrx_word' id='word_1_282' title='bbox 1232 3972 1321 4028; x_wconf 86' lang='lat' dir='ltr'>levio·</span> 
     </span>
     <span class='ocr_line' id='line_1_36' title="bbox 262 4062 1319 4144; baseline -0.01 -16"><span class='ocrx_word' id='word_1_283' title='bbox 262 4073 341 4128; x_wconf 79' lang='lat' dir='ltr'>ribus</span> <span class='ocrx_word' id='word_1_284' title='bbox 354 4089 386 4127; x_wconf 84' lang='lat' dir='ltr'>ex</span> <span class='ocrx_word' id='word_1_285' title='bbox 399 4088 484 4142; x_wconf 86' lang='lat' dir='ltr'>auro,</span> <span class='ocrx_word' id='word_1_286' title='bbox 497 4071 592 4143; x_wconf 89' lang='lat' dir='ltr'>quales</span> <span class='ocrx_word' id='word_1_287' title='bbox 602 4077 695 4124; x_wconf 72' lang='lat' dir='ltr'>aestate</span> <span class='ocrx_word' id='word_1_288' title='bbox 704 4077 794 4144; x_wconf 85' lang='lat' dir='ltr'>gestat</span> <span class='ocrx_word' id='word_1_289' title='bbox 802 4067 965 4138; x_wconf 88' lang='lat' dir='ltr'>,micantes,</span> <span class='ocrx_word' id='word_1_290' title='bbox 975 4084 1028 4122; x_wconf 90' lang='lat' dir='ltr'>nec</span> <span class='ocrx_word' id='word_1_291' title='bbox 1038 4065 1141 4139; x_wconf 86' lang='lat' dir='ltr'>majori</span> <span class='ocrx_word' id='word_1_292' title='bbox 1152 4075 1181 4120; x_wconf 86' lang='lat' dir='ltr'>et</span> <span class='ocrx_word' id='word_1_293' title='bbox 1192 4062 1319 4140; x_wconf 83' lang='lat' dir='ltr'>graviori</span> 
     </span>
     <span class='ocr_line' id='line_1_37' title="bbox 262 4152 1319 4240; baseline -0.012 -20"><span class='ocrx_word' id='word_1_294' title='bbox 262 4181 379 4240; x_wconf 74' lang='lat' dir='ltr'>gemma</span> <span class='ocrx_word' id='word_1_295' title='bbox 393 4161 517 4219; x_wconf 72' lang='lat' dir='ltr'>serenda</span> <span class='ocrx_word' id='word_1_296' title='bbox 537 4177 590 4234; x_wconf 82' lang='lat' dir='ltr'>pnr</span> <span class='ocrx_word' id='word_1_297' title='bbox 608 4159 652 4216; x_wconf 87' lang='lat' dir='ltr'>sit.</span> <span class='ocrx_word' id='word_1_298' title='bbox 673 4163 751 4236; x_wconf 77' lang='lat' dir='ltr'>Age,</span> <span class='ocrx_word' id='word_1_299' title='bbox 769 4159 832 4234; x_wconf 86' lang='lat' dir='ltr'>quis</span> <span class='ocrx_word' id='word_1_300' title='bbox 848 4169 904 4216; x_wconf 80' lang='lat' dir='ltr'>tam</span> <span class='ocrx_word' id='word_1_301' title='bbox 918 4159 1058 4216; x_wconf 82' lang='lat' dir='ltr'>sceleratae</span> <span class='ocrx_word' id='word_1_302' title='bbox 1073 4154 1178 4232; x_wconf 82' lang='lat' dir='ltr'>flagitia</span> <span class='ocrx_word' id='word_1_303' title='bbox 1198 4152 1319 4210; x_wconf 84' lang='lat' dir='ltr'>civitatis</span> 
     </span>
    </p>
   </div>
   <div class='ocr_carea' id='block_1_4' title="bbox 0 0 1495 4916">
    <p class='ocr_par' dir='ltr' id='par_1_13' title="bbox 0 0 1495 4916">
     <span class='ocr_line' id='line_1_38' title="bbox 0 0 1495 4916; baseline 0 0"><span class='ocrx_word' id='word_1_304' title='bbox 0 0 1495 4916; x_wconf 95' lang='lat' dir='ltr'> </span> 
     </span>
    </p>
   </div>
  </div>
 </body>
</html>
