2954 4916
235 401 277 475 ol
380 395 552 461 VARIAE
583 397 967 499 LECTIONES‘ET
997 397 1152 462 NOTAE

267 513 335 566 Nor.
353 530 394 566 to.
408 513 474 564 Nota
484 512 549 564 mibi
560 524 620 565 sunt
631 513 820 582 Argonautica,
833 524 862 564 nt
871 531 886 565 e
896 512 1002 566 Colchis
1011 513 1090 566 lason
1101 514 1191 566 furtim
1201 552 1209 577 ,
1219 514 1303 568 inscio

233 594 322 656 AEetu,
334 604 359 642 et
369 589 436 644 dolis
446 590 560 656 Medon,
572 609 681 644 aureum
690 591 772 644 vellus
782 591 896 662 Phryxi,
908 581 940 643 vl
950 586 1129 662 χρυσίμιλλοι
1141 583 1228 663 ἅμα,
1242 595 1302 646 sub·

232 677 352 747 ripuerit.
363 706 398 715 -
408 672 552 727 Pelllculoe:
565 677 606 728 vir
618 676 680 729 cler.
696 687 722 728 et
734 674 840 728 doctiss.
855 675 1039 747 interpretatur
1051 678 1195 737 meretricis,
1209 694 1304 747 nempe

232 757 348 824 Medeae,
365 758 412 812 sed
426 759 464 811 illi
479 778 540 812 sone
557 777 610 811 non
624 758 759 812 assentior.
774 763 865 808 Annine
871 760 974 828 sonim
980 762 1105 827 pelliculo
1116 773 1154 812 est
1162 761 1304 826 pelliculam

231 843 343 913 (nempe
359 842 454 913 pellem
473 842 528 894 sive
548 842 649 911 vellus)
668 861 768 892 caream
783 840 874 892 furtim
888 841 1010 894 oblitam.
1026 841 1178 894 Pelliculnm
1192 859 1248 894 esse
1260 840 1302 893 di·

233 926 391 977 minutivum
406 925 478 978 vocis
485 927 572 994 pellis,
587 944 640 978 non
653 943 715 978 vern
723 927 820 993 pellicis
838 924 967 991 arbitror,
988 937 1013 977 et
1020 913 1121 994 ficnivn
1133 926 1238 996 passivo
1250 943 1304 978 non

235 1008 321 1060 activo
333 1026 411 1060 seusu
425 1007 656 1078 interpretandum.
676 1008 729 1060 En.

271 1101 339 1153 Nor.
359 1119 400 1154 11.
412 1101 480 1153 Novi
488 1120 603 1173 pugnarn
612 1100 803 1154 Centaurorum
811 1119 872 1155 cnm
879 1101 998 1176 anithis
1009 1102 1037 1155 in
1046 1101 1180 1156 Thessalia
1189 1113 1215 1154 et
1223 1102 1306 1155 robur

235 1188 349 1252 Monyclu'
359 1186 482 1238 Centauri
493 1226 500 1251 ,
513 1205 591 1257 quem
603 1186 709 1238 arbores
722 1204 783 1238 cum
796 1185 927 1238 radicibus
938 1187 1063 1238 evulsisse
1075 1199 1101 1238 et
1112 1185 1218 1240 torsisse
1231 1187 1305 1238 sebn-

234 1273 322 1324 lantnr
337 1283 439 1344 poetce;
458 1271 513 1324 rid.
532 1270 613 1325 Ovid.
632 1271 695 1324 Met.
715 1271 788 1336 XII,
809 1276 879 1337 1599,
898 1288 974 1341 seq.;
995 1271 1094 1324 Lucan.
1110 1270 1168 1336 VI,
1191 1269 1259 1336 388,
1279 1283 1306 1324 et

237 1356 325 1408 Valer.
341 1355 381 1408 Fl.
395 1356 426 1420 t,
445 1356 511 1422 145,
525 1373 580 1426 seq.
595 1356 641 1406 ubi
654 1374 681 1407 v.
695 1355 787 1407 Burm.

165 1485 167 1488 -
270 1454 339 1507 Nor.
362 1471 402 1506 ιι.
423 1452 503 1506 AEdes
518 1453 647 1505 nobilium
660 1464 686 1504 et
698 1451 823 1503 ditiorum
841 1448 959 1521 quotidie
974 1462 1096 1502 resonent
1110 1450 1306 1504 recitationibus

235 1537 486 1607 repetitionibusque
499 1535 649 1589 earumdem
664 1535 811 1606 vulgarium
824 1553 912 1586 rerum
926 1553 956 1586 ao
975 1535 1140 1599 fabularum,
1159 1553 1224 1606 quas
1239 1534 1307 1586 vetii

236 1632 318 1692 poetae
327 1629 485 1682 tractarunt,
499 1636 611 1688 queque
623 1617 690 1669 adeo
703 1615 787 1670 cuivis
799 1616 835 1668 itn
849 1617 1027 1682 innotescunt,
1039 1618 1081 1669 vel
1092 1620 1146 1688 jem
1158 1619 1304 1669 innotuere.

236 1703 325 1754 Rome
333 1702 414 1766 enim,
423 1699 557 1763 veldomi,
568 1699 756 1772 paucisamicis
763 1699 923 1764 convocatis,
931 1700 973 1752 rel
984 1699 1011 1750 in
1019 1699 1118 1752 sedibus
1128 1699 1267 1771 etquidem
1278 1701 1307 1752 in

235 1787 308 1838 atriis
319 1785 497 1857 porticibusve
506 1802 595 1836 earum
603 1784 668 1836 lexis
676 1782 844 1853 magnisque,
854 1801 912 1854 quie
922 1783 1084 1836 tenuioribus
1093 1823 1100 1849 ,
1110 1783 1206 1855 quibus
1216 1803 1244 1836 ee
1254 1802 1307 1836 non

236 1882 326 1934 erant,
341 1887 356 1920 a
369 1867 451 1921 divite
462 1868 550 1938 aliquo
561 1878 588 1919 et
599 1867 682 1920 nobili
695 1865 769 1930 viro,
784 1878 812 1917 ut
825 1864 854 1917 h.
868 1866 886 1916 l.
902 1883 916 1917 o
929 1870 1048 1916 Frontone
1059 1869 1090 1934 (ι
1102 1866 1180 1918 Stella
1192 1865 1305 1918 Martini.

237 1953 292 2018 IV,
318 1953 351 2016 6,
377 1951 425 2018 5),
446 1949 697 2016 commodabantur,
720 1949 762 2000 vel
783 1947 897 2020 denique
918 1947 1032 2020 puhlicis
1053 1948 1138 2013 locis,
1162 1949 1189 2000 in
1211 1961 1306 2020 quante

237 2034 348 2086 maxima
366 2033 422 2086 lieri
440 2044 542 2103 poterat
556 2032 694 2084 homiuum
712 2051 825 2097 corono,
844 2032 1020 2096 recitabatun
1038 2032 1110 2084 coni.
1124 2031 1239 2098 advn,
1256 2038 1306 2097 1103

237 2117 327 2168 Horat.
341 2128 388 2168 sat.
403 2117 433 2181 1,
447 2114 613 2186 3,88,seq.
628 2115 659 2182 Ι,
675 2122 709 2182 4,
723 2122 774 2186 74,
788 2136 842 2188 seq.
858 2115 926 2170 Plin.
939 2116 990 2187 Ep.
1004 2115 1090 2180 vlu,
1107 2133 1135 2168 ιι
1147 2138 1155 2181 ;
1168 2116 1304 2189 Tbeopbr.

660 2289 890 2310 mmwvb!

240 2405 302 2452 mihi
312 2421 365 2452 non
373 2403 493 2468 persuasit
501 2403 661 2464 Werusdorf,
673 2405 716 2468 qui
726 2406 753 2453 in
797 2405 829 2451 sis
848 2403 933 2450 AEtnaei
952 2402 1060 2450 incendii
1080 2414 1167 2452 ventos
1184 2403 1307 2464 subterre-

241 2486 308 2531 Poet.
319 2486 369 2532 Lot.
382 2483 473 2530 Mimt.
487 2484 535 2542 tV,
548 2499 573 2546 p.
586 2483 634 2542 23,
655 2483 688 2530 ite
701 2483 753 2531 dis·
797 2496 872 2539 ueos,
886 2481 974 2545 partim
985 2476 1058 2528 etiem
1070 2481 1150 2529 nudus
1164 2482 1251 2540 rueris,
1263 2498 1307 2529 eu·

241 2564 350 2626 putavit:
372 2561 518 2610 uluvennlis
536 2559 633 2608 videtur
650 2561 753 2609 omuino
797 2560 1310 2625 traAEtnaesubeuntes,pouit,etinpriu·

241 2659 277 2689 vs.
288 2659 316 2702 7,
326 2643 356 2700 8,
367 2639 418 2688 duo
426 2650 521 2704 poetae,
531 2649 572 2686 aut
580 2639 686 2687 duorum
696 2656 754 2703 poe·
796 2639 862 2701 cipio
878 2639 994 2686 carminis
1006 2639 1088 2687 verbis
1102 2641 1151 2686 fere
1165 2657 1177 2686 e
1190 2640 1309 2688 luveuele

239 2730 331 2768 metum
353 2729 493 2783 argumento
516 2728 630 2783 tangere,
655 2736 751 2778 nuum,
796 2717 904 2781 repetitis
919 2718 1009 2765 utitur:
1026 2733 1082 2780 quoe
1096 2729 1146 2765 tam
1158 2717 1309 2783 sonesvol·

240 2799 308 2862 quod
322 2799 353 2846 de
363 2799 520 2863 expeditione
531 2798 709 2862 Argonautics,
719 2799 752 2845 al-
796 2807 853 2842 vant
868 2795 980 2842 incendia
999 2813 1108 2854 coussoe,
1130 2798 1203 2861 Quod
1211 2797 1308 2863 fierunt

241 2889 339 2937 terum,
357 2893 380 2925 ct
399 2877 498 2941 quidem
517 2877 604 2925 Lucilii
621 2877 751 2937 lunioris,
796 2873 931 2939 imperium,
942 2874 1308 2940 qnidmueostorpueatoertus.s

241 2958 308 3021 qnod
323 2959 354 3006 de
371 2959 442 3004 AEtua
455 2967 539 3004 monte
553 2957 607 3021 egit,
624 2957 658 3003 Eo
671 2973 706 3004 vs.
721 2973 752 3020 9,
796 2955 820 3000 A
829 2971 864 3001 vs.
873 2970 901 3015 7,
913 2962 937 3001 et
945 2963 997 3001 toto
1006 2953 1032 3000 b.
1042 2953 1059 3001 l.
1068 2954 1221 3018 consilioque
1231 2966 1313 3019 poem

245 3038 501 3101 10,propinsnotare
513 3036 608 3099 pergit:
626 3051 683 3083 nsrn
696 3051 751 3082 ver-
796 3033 874 3081 eliens
888 3032 989 3081 euthico
1004 3033 1082 3092 retio,
1098 3048 1146 3096 quo
1160 3034 1191 3081 ed
1203 3033 1308 3082 duorum

242 3113 294 3173 bis,
308 3115 373 3162 rende
383 3113 447 3161 alius
454 3112 562 3178 scotivoe.
575 3149 581 3162 .
594 3150 600 3162 .
612 3113 750 3178 pelliculae,
796 3111 1164 3176 modooetminnmergumeute
1172 3113 1310 3161 referuntur

242 3194 305 3240 redit
319 3195 351 3241 cd
365 3195 467 3242 alterum
480 3201 593 3257 postem,
610 3209 683 3256 quem
697 3203 752 3240 ente
797 3193 894 3249 omnin
908 3201 932 3238 et
944 3191 979 3238 tic
991 3206 1044 3238 uon
1054 3191 1129 3238 ruodo
1141 3191 1234 3249 verbio,
1248 3207 1310 3256 quor

242 3271 337 3319 dixerat
345 3274 421 3320 lucum
430 3271 516 3319 Mortis
524 3271 691 3336 descripsisse;
701 3290 753 3322 ven
795 3279 905 3334 torqueat
916 3269 1011 3317 notras
1026 3269 1135 3328 AEoous,
1149 3271 1192 3318 sed
1206 3281 1230 3319 et
1244 3271 1307 3334 illis,

241 3351 274 3398 ba
282 3363 363 3398 eutem
374 3351 433 3416 qnid
441 3361 517 3416 agant
526 3351 597 3398 venti
606 3353 709 3401 omnino
718 3353 753 3400 vi·
795 3360 900 3416 quamne
901 3349 1025 3416 jaculetur
1029 3349 1161 3412 Monyoluu
1168 3366 1251 3407 ornos,
1260 3351 1308 3399 slis

243 3431 332 3478 dentur
345 3433 440 3478 AEtnam
456 3431 560 3494 amplius
577 3430 672 3496 sigim
686 3431 753 3480 etde
796 3428 965 3477 substituendo
987 3439 1053 3476 sunt.
1073 3429 1138 3476 Note
1159 3430 1231 3478 Heln.
1254 3440 1308 3478 est:

242 3509 337 3567 ventis,
349 3511 467 3556 AEtnnum
475 3511 618 3557 incendium
628 3511 754 3558 excitanti-
796 3511 928 3557 «Fortasse
945 3509 1143 3572 perenioguntur
1160 3509 1310 3560 versificato-

243 3589 304 3648 bus,
317 3587 474 3651 intelligenda
486 3605 545 3636 esse.
556 3590 602 3636 His
615 3605 691 3651 quum
705 3600 752 3636 sta·
797 3607 851 3650 res,
862 3591 905 3654 qni
916 3605 942 3637 se
956 3589 986 3636 ad
1000 3589 1159 3637 intitutionem
1173 3593 1228 3638 AEu.
1240 3591 1308 3656 Virg.

243 3669 287 3715 tim
298 3667 459 3731 subjungetur
472 3684 532 3731 quas
542 3677 652 3731 torqueat
658 3667 753 3714 umbros
797 3679 1001 3734 composuerant,
1018 3667 1063 3716 ubi
1076 3683 1157 3716 sermo
1171 3679 1208 3717 est
1225 3669 1256 3717 de
1269 3681 1309 3718 tu-

244 3747 349 3803 AEacus,
370 3762 421 3794 non
439 3745 536 3793 videtur
553 3746 601 3793 hoc
620 3746 651 3792 ed
667 3756 753 3794 ventos
798 3750 915 3798 mnitibus
929 3758 1058 3796 ventorum
1074 3748 1144 3795 etde
1160 3751 1232 3796 AEeoo
1246 3749 1309 3796 inle-

243 3837 298 3872 aute
309 3836 455 3873 memoratos
468 3825 518 3873 ullo
530 3825 604 3872 modo
616 3825 754 3888 pertinere,
798 3845 883 3876 rorum
901 3828 991 3888 judice.
1005 3849 1018 3868 ι
1041 3827 1131 3874 Eadem
1152 3828 1180 3876 in
1204 3828 1309 3876 eliorum

244 3907 292 3954 nisi
308 3907 406 3954 mutatis
416 3907 525 3971 paullum
540 3905 620 3953 verbis
634 3907 753 3970 legimns,
799 3922 897 3970 qnoque
910 3917 1039 3970 poetrrum
1052 3905 1202 3954 carminibus
1214 3921 1309 3956 metuo-

213 4035 218 4050 ·
244 4003 304 4050 quos
314 3995 423 4050 torqueat
429 3985 522 4040 undas,
533 3983 571 4032 vel
579 4000 638 4048 qnos
647 3995 755 4048 torqueat
798 3995 899 4044 rantur,
913 3985 940 4032 in
949 3985 1051 4033 AEneide
1062 3996 1142 4034 entem
1151 3985 1220 4050 Virg.
1231 4003 1310 4050 neque

244 4075 313 4112 nstris
328 4065 420 4112 AEolos.
436 4067 471 4111 Ite
486 4080 544 4111 vero
557 4063 644 4114 clarius
656 4065 755 4127 respicit
799 4063 863 4110 lucus
874 4062 975 4120 Martis,
989 4079 1069 4128 neque
1078 4066 1168 4120 lason,
1182 4065 1310 4129 Athenon·

246 4145 340 4192 AEtnem
352 4143 452 4203 Lucilii,
464 4143 542 4206 quiin
552 4143 755 4206 prucipniscaus·
797 4154 829 4190 τα
843 4154 866 4191 et
879 4141 1020 4205 Monychus.
