2954 4916
266 389 308 450 16
537 389 580 450 D.
609 387 745 450 JUNll
774 387 1055 457 JUVENALIS

261 502 386 572 Nullus
399 501 469 596 jam
486 501 651 596 parasitus
666 498 745 570 erit!
762 501 821 571 sed
836 505 913 598 quis
928 503 1013 574 terat
1028 508 1105 576 istas

262 611 422 681 Luxuriae
436 610 574 680 sordes?
588 625 714 703 quanta
728 627 778 679 est
794 611 889 705 gula,
905 637 979 706 quaa
995 616 1061 684 sihi
1079 632 1168 687 totos
1284 639 1336 695 ito

262 719 365 790 Ponit
379 747 495 815 apros,
511 719 633 788 animal
650 736 789 814 propter
803 723 961 790 ocnvivia
976 723 1107 795 natum!

262 831 368 900 Poena
383 848 494 900 tamen
512 853 675 925 praesens,
690 855 795 924 quum
811 845 847 898 tu
863 831 1004 925 deponis
1018 837 1159 906 amictus

263 940 449 1036 Turgidus,
465 957 500 1010 ct
514 939 656 1008 crudum
674 963 839 1034 pavonem
856 940 900 1007 in·
908 938 1025 1009 balnea
1040 961 1163 1037 portas.

263 1051 353 1120 Hinc
368 1052 484 1120 subitae
500 1063 644 1134 mortes,
659 1065 759 1144 atquc
775 1050 930 1118 intestata
944 1067 1108 1124 senectus.

263 1161 297 1229 It
312 1185 415 1244 nova,
431 1185 495 1230 ncc
510 1157 634 1242 tristis,
651 1183 712 1253 per
727 1173 865 1227 cunctas
880 1157 991 1228 sabula
1006 1186 1139 1232 caenas:
1282 1179 1334 1242 145

262 1271 407 1340 Ducitur
422 1271 515 1340 iratis
530 1268 758 1363 plaudendum
774 1268 875 1337 firnus
890 1269 1014 1339 amicis.

311 1381 368 1450 Nil
384 1380 448 1448 erit
462 1379 624 1463 ulterius,
640 1377 731 1472 quod
747 1378 869 1446 nostris
884 1379 1033 1449 moribus
1048 1381 1149 1451 addat

261 1491 440 1560 Posteritas
455 1517 463 1558 ε
480 1489 597 1558 eadem
615 1489 756 1583 cupient
771 1487 962 1582 facientque
978 1489 1135 1562 minores.

260 1601 370 1668 Omne
388 1601 423 1668 in
439 1597 609 1694 praecipiti
626 1598 744 1667 vitium
759 1599 850 1667 stetit
867 1624 875 1665 τ
893 1614 989 1670 utere
1005 1601 1108 1690 velis;

259 1711 363 1779 Totos
380 1708 488 1802 pande
506 1708 608 1776 sinus.
625 1706 725 1776 Dicas
740 1707 798 1776 hic
812 1706 970 1794 forsitan,
984 1710 1077 1778 unde
1280 1727 1333 1781 150

260 1819 441 1914 Ingenium
458 1843 520 1914 par
535 1816 705 1886 materiae?
718 1819 809 1886 unde
826 1817 881 1887 illa
895 1820 1049 1914 priorum

259 1930 454 2014 Scribendi,
470 1927 709 2022 quodcumque
725 1930 838 1998 animo
855 1929 1017 2024 flagrante
1033 1930 1170 2018 liberet,

260 2037 482 2132 Simplicitas,
500 2037 596 2128 cujus
612 2063 681 2104 non
697 2038 805 2107 audeo
822 2037 935 2107 dicere
951 2039 1098 2107 nomen?

259 2207 381 2274 babent;
391 2205 421 2260 in
433 2225 489 2280 qna
504 2216 597 2260 tamen
607 2223 664 2260 nna
673 2205 793 2281 dapibus
807 2207 952 2264 oneranda
962 2217 1057 2264 tantos
1065 2208 1174 2266 iaciunt
1181 2223 1330 2286 sumptus,

259 2309 293 2355 ut
313 2300 424 2374 integra
444 2298 614 2372 patrimonia
630 2299 779 2354 absumant
792 2321 798 2354 ι
815 2300 911 2373 itaque
926 2317 1012 2356 nemo
1022 2300 1081 2374 jain
1094 2302 1233 2375 parasitus
1244 2323 1332 2379 repe-

259 2391 359 2447 rietur.
373 2395 411 2444 At
420 2390 484 2464 quis
499 2401 555 2446 tarn
567 2389 736 2460 immanem,
748 2401 805 2446 tam
817 2389 963 2446 sordidam
972 2389 1129 2467 ingluviem
1139 2412 1222 2467 aquo
1230 2378 1330 2454 auimo

260 2485 337 2541 terre
347 2482 457 2557 possiti
471 2481 552 2556 cujus
563 2482 678 2537 demum
691 2483 917 2556 intemperantia
927 2494 986 2550 est,
1000 2501 1101 2556 aprum
1118 2484 1260 2559 integrum
1279 2507 1330 2564 ap-

260 2593 371 2652 ponere
384 2573 435 2630 uni
451 2573 577 2642 homiui,
592 2591 709 2646 aprum,
730 2573 861 2646 inquam,
875 2571 942 2627 ideo
959 2585 1073 2646 natum,
1089 2585 1122 2631 ut
1137 2576 1214 2634 inter
1229 2579 1328 2652 plures

261 2666 396 2725 convivas
406 2665 490 2722 simul
502 2665 649 2739 epulantes
658 2664 824 2720 dividatur?
833 2681 887 2719 nec
895 2663 1015 2719 inultam
1024 2666 1096 2722 lianc
1105 2666 1155 2722 diu
1167 2678 1262 2725 tamen
1271 2689 1329 2746 gu-

259 2763 315 2817 lam
325 2759 394 2829 sers3
405 2757 515 2814 debitas
524 2757 663 2814 continuo
672 2775 769 2831 poeoas
778 2755 930 2829 dependis,
940 2774 1028 2829 quum
1038 2757 1105 2814 cibo
1115 2771 1235 2816 onustus
1246 2764 1328 2820 esuis

258 2860 384 2919 vestem,
400 2861 432 2905 ut
447 2849 580 2904 balneum
594 2859 692 2922 petas,
710 2847 833 2904 necdum
857 2846 969 2922 digesto
986 2866 1114 2921 parone,
1134 2869 1221 2924 quem
1242 2854 1328 2912 aride

258 2941 376 2999 vorasti.
388 2943 430 2997 Ex
442 2940 491 2996 illa
501 2939 635 2994 videlicet
645 2939 800 3008 stomachi,
812 2950 856 2994 tot
867 2939 947 2994 cibos
958 2939 1033 2995 ferre
1045 2951 1073 2995 et
1085 2961 1210 3016 coquere
1220 2963 1328 3020 negan-

259 3035 311 3104 tis,
331 3033 487 3100 cruditate,
505 3033 640 3088 oriuntur
654 3044 762 3088 mortes
779 3033 935 3107 repentina
946 3035 1120 3104 multorum,
1135 3055 1168 3093 ac
1183 3040 1328 3115 praecipue

259 3143 371 3194 senum,
389 3125 439 3198 qni
455 3123 598 3179 tolluntur
614 3123 737 3180 emedio
751 3137 816 3181 ante
830 3125 979 3180 conditum
994 3137 1202 3186 testamentum.
1216 3133 1329 3192 Recem

259 3237 291 3274 ac
308 3217 418 3272 subitus
436 3233 537 3272 rumor
560 3215 679 3289 alicujus
697 3217 863 3290 hujusmodi
878 3217 980 3273 mortis
1004 3237 1056 3292 per
1075 3221 1172 3275 omnia
1193 3224 1328 3280 convivia

258 3309 418 3382 domosque
429 3306 590 3381 spargitur,
604 3307 785 3378 hominibus,
803 3308 840 3362 ad
855 3309 897 3364 rei
912 3307 1087 3379 novitatem,
1101 3322 1134 3366 ut
1150 3311 1187 3367 ad
1202 3316 1328 3372 monstri

257 3399 416 3474 fabulaeque
435 3398 642 3468 narrationem,
662 3399 883 3470 demirantibus,
898 3419 950 3456 nec
967 3412 1061 3457 tamen
1083 3403 1167 3460 valde
1189 3403 1330 3481 ingemis-

258 3491 390 3554 centibus
407 3491 446 3546 ob
465 3471 591 3546 morteni
603 3491 683 3548 avari
701 3493 797 3548 senis:
815 3491 935 3547 effertur
948 3491 985 3547 ad
1004 3511 1107 3566 rogum
1126 3505 1273 3565 mortuus,
1288 3501 1331 3558 ah

258 3582 354 3640 amicis
369 3581 447 3638 iratis
459 3593 488 3638 et
499 3581 663 3639 dolentibus
677 3581 748 3639 nitu
760 3584 814 3638 sibi
823 3592 991 3638 testamento
1003 3583 1134 3640 relictum
1145 3605 1219 3656 esse3
1235 3588 1328 3648 immo

257 3674 460 3750 plaudentibus
474 3683 503 3728 et
515 3673 719 3748 gaudentibus,
738 3675 818 3750 quod
833 3692 934 3730 aranu
952 3674 1049 3730 helluo
1067 3679 1140 3733 male
1157 3679 1285 3753 perierit.

301 3775 364 3838 ¹47·
372 3765 451 3823 Nihil
457 3766 603 3822 habebunt
610 3771 731 3840 posteri,
742 3787 800 3842 qno
809 3786 905 3824 mores
913 3779 1029 3824 nostros
1037 3787 1070 3826 ac
1079 3771 1183 3827 scalen
1193 3774 1325 3834 vincant:

220 3915 223 3930 ,
256 3859 357 3916 iisdem
370 3860 454 3934 plane
465 3857 668 3932 cupiditatibus
680 3859 814 3934 vitiisque
824 3860 1003 3916 laborabunt.
1019 3863 1068 3918 Ad
1076 3881 1219 3920 summum
1231 3869 1329 3924 omneis

255 3949 394 4025 uequr'tr'oe
402 3949 543 4004 verrimus.
556 3947 658 4004 Nullus
673 3949 768 4023 itaque
776 3950 880 4006 modus
889 3949 980 4006 satira
992 3951 1044 4024 sit;
1057 3953 1086 4009 in
1096 3954 1184 4010 altum
1197 3957 1327 4030 patentia

256 4042 319 4097 vela
334 4041 442 4098 demus.
458 4041 552 4115 Roget
567 4041 644 4114 quis,
658 4059 695 4097 an
710 4041 764 4098 tibi
777 4041 843 4096 satis
859 4053 901 4098 est
916 4041 1023 4118 ingenii
1036 4063 1090 4119 pro
1105 4056 1163 4102 tam
1176 4049 1273 4121 amplo
1289 4069 1324 4108 ac

256 4129 367 4190 difficili
381 4131 571 4209 argumento?
585 4143 664 4194 estne
678 4133 742 4208 itia,
755 4153 819 4212 quae
834 4134 933 4211 priscis
949 4136 1062 4196 ratibus
1077 4137 1192 4214 aderat,
1206 4141 1326 4200 facultas
