2954 4916
363 639 677 758 SATIRA
715 637 1006 756 PRIMA.

151 1037 307 1139 snum
323 1090 385 1162 ego
402 1065 534 1136 auditor
550 1061 702 1136 tantum?
718 1085 933 1158 nunquamne
949 1087 1126 1158 reponam,

149 1174 297 1242 Venatus
313 1174 410 1244 toties
426 1174 519 1244 rauci
536 1172 701 1244 Theseide
717 1169 843 1242 Codri?

149 1284 294 1376 Impune
310 1308 391 1380 ergo
406 1283 489 1372 mibi
504 1282 698 1353 recitaverit
713 1281 768 1352 ille
783 1295 930 1376 togatas,

149 1393 217 1462 Hic
233 1392 366 1490 elegos?
381 1395 519 1490 impune
536 1393 626 1464 diem
643 1393 865 1462 consumserit
883 1390 1001 1487 ingens

148 1503 337 1602 Telephus,
353 1523 411 1577 aut
425 1507 545 1578 summi
563 1506 661 1603 plena
672 1506 741 1600 jam
758 1505 908 1602 margine
926 1503 1002 1574 llbri
1201 1523 1216 1574 5

148 1617 319 1710 Scriptus,
334 1633 368 1686 et
383 1619 418 1688 in
435 1634 548 1714 tergo,
565 1616 709 1688 necdum
726 1615 860 1700 finitus,
878 1611 1035 1684 Orestes?

198 1728 290 1796 Nota
304 1728 408 1824 magis
424 1727 508 1799 nulli
525 1728 644 1799 domus
660 1741 710 1796 est
725 1749 800 1812 sua,
817 1749 916 1818 quarn
932 1725 1016 1794 mihi
1033 1722 1127 1793 lucus

148 1837 286 1922 Martis,
304 1853 337 1907 et
351 1838 466 1908 AEoliis
483 1839 633 1908 vicinum
651 1837 789 1932 rupibus
805 1852 939 1906 antrum

148 1943 315 2014 Vulcani:
332 1946 413 2040 quid
428 1963 530 2044 agant
545 1947 655 2034 venti,
672 1970 752 2044 quas
769 1960 922 2040 torqueat
939 1948 1072 2016 umbras

147 2054 287 2140 AEacus,
304 2054 393 2124 unde
409 2055 492 2126 alius
508 2056 640 2126 furtivae
657 2056 799 2126 devehat
814 2079 932 2124 aurum
1182 2087 1213 2122 ιο

148 2160 332 2249 pelliculo,
349 2179 487 2260 quantas
501 2162 669 2258 jaculetur
685 2163 876 2259 Monychus
892 2187 1012 2249 ornos,

147 2274 326 2342 Frontonis
342 2272 466 2370 platani
482 2275 706 2372 convulsaque
721 2300 887 2364 marmora
903 2274 1047 2346 clamant

145 2381 300 2475 Semper,
317 2397 351 2451 et
365 2383 496 2453 assiduo
513 2399 619 2478 ruptae
635 2383 763 2453 lectore
779 2383 952 2455 columne.

144 2492 326 2585 Exspecta
342 2493 457 2564 eadem
473 2519 493 2564 e
508 2517 638 2568 summo
653 2494 863 2584 minimoque
879 2489 992 2585 poeta!

427 2691 540 2730 8111ss
557 2691 656 2734 ”1ss
673 2688 929 2734 ῘΠΕΙΡΙΙΙΔῊΟ.

188 2796 214 2834 1.
235 2778 330 2838 Iron
340 2796 454 2853 semper
463 2779 577 2836 audiam
587 2777 699 2854 ineptos
709 2777 808 2842 vates?
821 2777 888 2834 Non
898 2775 1020 2834 scribam
1031 2777 1090 2850 ipse
1101 2777 1211 2852 aliquid

144 2867 283 2939 vicissim,
292 2869 373 2944 quod
381 2889 417 2928 ex
427 2888 474 2928 rne
485 2869 615 2942 audiant,
628 2887 719 2945 qnurn
727 2869 813 2928 toties
821 2881 896 2926 meae
907 2888 990 2926 aures
1001 2870 1114 2946 Codrus
1124 2871 1210 2930 obtu-

144 2957 221 3018 derit
229 2961 375 3026 recinndn
383 2962 421 3020 ad
430 2961 521 3020 ravim
527 2980 674 3036 nequeam
682 2961 840 3023 Theseide?
850 2961 1090 3037 Ergoneinnltarn
1100 2962 1208 3032 ferent,

143 3069 230 3124 turam
242 3053 398 3114 exhibuere
410 3053 483 3112 mibi
498 3054 655 3112 molestiam
661 3093 671 3121 ,
687 3053 757 3110 dum
770 3054 878 3110 lectitat
890 3052 961 3110 mihi
975 3052 1045 3110 nlius
1058 3054 1209 3112 comedite

144 3143 271 3213 Latinae,
281 3145 352 3204 elion
360 3146 480 3222 elegius?
489 3147 662 3221 Nonpoanos
671 3145 729 3204 diei
739 3147 813 3207 male
825 3145 1005 3220 mihicreptn
1015 3144 1095 3204 dubit
1101 3147 1208 3219 prolixi

143 3235 269 3310 scriptor
277 3237 410 3312 Telephi,
425 3249 474 3294 eut
483 3238 606 3308 Orestis,
618 3238 668 3312 qui
681 3237 819 3294 volumen
833 3247 926 3294 toturn
935 3255 950 3296 a
960 3236 1057 3292 fronte
1067 3255 1101 3294 ac
1111 3247 1207 3314 tergo,

142 3329 267 3404 scriptun
277 3331 364 3390 eriam
378 3330 410 3391 in
424 3331 617 3408 marginibus,
632 3331 756 3390 necdum
767 3329 929 3398 absolutus,
944 3327 1062 3404 implet?

184 3439 212 3490 7·
234 3421 327 3482 Nemo
337 3440 401 3480 enas
411 3421 484 3480 ado
495 3421 596 3480 melius
606 3421 699 3490 novit,
713 3437 799 3494 quem
812 3439 867 3496 ego
876 3419 978 3478 Martis
989 3421 1100 3491 lucum,
1114 3431 1144 3478 et
1155 3441 1208 3478 an-

143 3523 221 3570 tmn
233 3513 437 3589 officiumque
450 3513 585 3584 Vulcani,
599 3515 692 3588 prope
704 3513 809 3570 insulas
821 3511 928 3570 AEolies
941 3512 1031 3570 sitam.
1050 3514 1207 3572 Personant

142 3604 299 3666 annnir
312 3605 390 3666 horti
403 3606 522 3682 platanis
535 3606 653 3674 consiti,
671 3617 700 3663 et
715 3604 856 3664 columnis
869 3604 1035 3662 marmoreis
1047 3604 1125 3662 fulta
1138 3625 1207 3680 por·

142 3693 216 3752 tiens
225 3715 306 3770 pane
316 3696 461 3760 discilium
473 3708 503 3756 et
514 3699 718 3758 convelluntur
730 3697 850 3756 vocibus
860 3709 1012 3772 poetarum
1020 3715 1071 3756 ann
1082 3698 1205 3756 carmina

143 3787 255 3848 assidue
260 3788 578 3865 legentiuminqnibnc
584 3791 804 3850 ventorumvirn
812 3831 821 3859 ‚
828 3802 856 3850 et
864 3801 1042 3865 tempestates
1048 3792 1085 3848 ab
1093 3791 1127 3848 iis
1134 3789 1207 3857 enci,

144 3889 228 3950 uus,
243 3879 426 3952 deacribmn
436 3901 533 3956 prena
541 3883 652 3946 umbris
661 3883 697 3942 ab
707 3883 795 3942 AEaco
807 3882 959 3958 irrogatam
972 3901 1029 3956 qna
1041 3900 1077 3940 ex
1087 3879 1204 3956 regione

142 3972 238 4029 nescio
250 3973 314 4048 quis
322 3983 449 4048 asportet
458 3974 489 4032 in
497 3975 618 4050 patriam
628 3977 719 4036 vellus
728 3993 848 4038 aurem
857 3975 935 4035 furto
944 3975 1102 4042 sublatum
1117 3990 1203 4046 qnam

144 4065 403 4138 pmeeresnrbereo
413 4067 574 4143 Monychus
582 4067 661 4144 gigas
672 4067 705 4126 in
715 4066 894 4128 adversarios
904 4075 1050 4139 torqueat,
1063 4064 1152 4120 instar
1159 4063 1203 4137 ja-

144 4155 274 4212 culorum
288 4177 295 4213 :
311 4157 371 4216 bec
386 4157 482 4216 omnia
497 4157 576 4216 docti
587 4158 695 4234 pariter
706 4159 873 4234 indoctique
884 4167 963 4216 rates
975 4165 1100 4230 crepant.
1112 4155 1205 4231 Atqui
